2836 4784
262 394 299 457 12
511 389 855 454 .,Rau

259 555 406 620 sensibus
428 566 581 621 sevocata
602 555 691 619 etad
708 556 864 637 notiones,
887 578 969 643 quae
985 557 1027 620 ad
1043 556 1186 619 animum
1202 556 1365 642 pertinent,

258 653 426 720 translata.

338 747 421 819 ’Arni
444 753 533 819 nulla
562 752 749 818 condicione
778 754 913 839 propria
943 752 1057 817 addita
1083 753 1247 838 significat
1269 776 1367 818 reme

258 853 329 919 loco
351 855 519 920 discedere
539 852 592 917 vel
615 853 769 932 amoveri,
793 862 849 916 aut
871 852 951 916 duas
974 876 1026 917 res
1050 853 1197 938 separari
1219 875 1303 938 quae
1317 851 1366 916 ali-

258 976 323 1040 qua
342 957 467 1019 ratione
490 955 681 1018 coniunctae
701 953 785 1015 inter
808 973 842 1015 se
864 961 965 1016 erant.
1008 951 1103 1016 Unde
1126 962 1266 1038 apparet
1285 951 1367 1015 facil-

257 1051 334 1117 lime
354 1053 426 1117 fieri
449 1075 560 1140 posse,
591 1054 619 1116 si
649 1062 802 1116 accurata
830 1053 913 1115 ratio
936 1051 1134 1116 condicionis
1157 1058 1233 1114 ante
1254 1061 1368 1115 motum

256 1153 426 1216 existentis
455 1174 521 1216 non
553 1151 706 1234 habetur,
741 1187 782 1196 -
814 1172 919 1235 neque
949 1152 1034 1214 enim
1062 1144 1155 1230 παρά
1186 1158 1368 1214 accuratam

258 1251 526 1336 significationem
548 1252 690 1332 retinuit,
712 1249 768 1313 sed
791 1250 825 1312 in
847 1271 918 1313 eam
933 1272 1016 1333 quac
1034 1249 1131 1314 latius
1145 1258 1253 1336 patet:
1276 1247 1367 1335 apud,

257 1350 328 1415 bei
348 1350 481 1415 deflexit
501 1387 542 1396 —
563 1360 600 1414 ut
621 1349 878 1435 praepositiones
901 1343 995 1431 παρά
1018 1358 1051 1413 et
1071 1345 1123 1431 ἐκ,
1153 1359 1267 1436 atque,
1291 1370 1368 1435 quae

257 1449 379 1514 nullam
402 1451 530 1514 omnino
552 1447 712 1513 eiusmodi
734 1447 957 1512 condicionem
980 1447 1156 1532 siguificat,
1180 1439 1268 1528 ἀπό,
1291 1448 1367 1511 inter

257 1573 292 1614 se
306 1543 551 1630 commutentur,
574 1547 608 1611 id
631 1547 717 1633 quod
731 1549 873 1611 maxime
888 1547 931 1610 de
947 1545 1046 1610 rebus
1062 1548 1103 1611 ad
1116 1548 1262 1610 animum
1277 1547 1367 1633 perti·

256 1647 407 1712 uentibus
430 1646 523 1711 valet.
561 1647 645 1710 Nam
660 1646 747 1732 quod
766 1646 808 1710 ad
823 1646 996 1710 relationes
1012 1645 1132 1710 locales
1151 1648 1267 1711 attinet
1282 1637 1368 1723 παρά

256 1757 288 1811 et
317 1741 354 1810 ἐκ
385 1756 417 1810 et
438 1738 508 1810 ἀπό
530 1746 619 1832 apud
640 1745 767 1809 Atticos
790 1745 919 1831 quidem
952 1746 1127 1832 scriptores
1159 1747 1206 1809 ita
1233 1747 1317 1809 inter
1339 1766 1367 1806 se

257 1845 424 1922 differunt,
446 1856 481 1910 ut
502 1838 596 1927 παρά
618 1843 658 1908 da
681 1846 845 1929 personis,
869 1835 938 1906 ἀπό
959 1855 990 1908 et
1017 1839 1053 1906 ἐκ
1085 1845 1125 1909 dc
1157 1843 1256 1908 rebus
1282 1842 1367 1908 adhi-

256 1945 381 2029 beatur,
404 1944 444 2009 de
465 1967 530 2032 qua
551 1967 587 2009 re
608 1966 694 2008 nunc
715 1944 900 2008 accuratius
922 1943 1096 2007 dicendum
1117 1952 1174 2007 est.

778 2147 848 2226 §a

339 2279 399 2343 De
425 2287 618 2343 veterum
647 2275 1016 2362 grammaticorum
1044 2283 1291 2360 praecepto:

529 2370 732 2462 ἡΠΛΡΛ
758 2368 952 2459 ἐμψύχων
974 2367 1098 2436 ἐστίν.

340 2541 476 2605 Veteres
499 2541 714 2625 grammatici,
736 2538 825 2603 velut
846 2549 959 2604 auctor
983 2538 1095 2603 scholii
1118 2539 1242 2603 codicis
1257 2539 1369 2605 Veneti

257 2640 300 2705 ad
322 2641 366 2701 M
388 2645 447 2706 114
475 2638 722 2716 (Friedlandero
744 2648 876 2703 auctore
903 2635 958 2724 [ad
980 2637 1123 2703 Ariston.
1148 2663 1180 2726 p.
1203 2645 1252 2705 28.
1275 2635 1369 2724 Adml

257 2741 326 2805 sine
340 2738 438 2804 dubio
450 2739 636 2804 Aristonico
651 2740 837 2815 recentior):
859 2733 952 2816 παρὰ
970 2739 1063 2820 νηῶν,
1089 2731 1160 2800 ἔδει
1183 2729 1253 2802 ἀπὸ
1274 2739 1369 2824 νηῶν·

255 2835 275 2924 ἡ
300 2837 361 2926 γὰρ
382 2831 475 2919 παρά
498 2831 655 2919 ἐμψύχων
678 2830 779 2901 ἐστίν·
811 2832 903 2916 παρὰ
929 2839 1019 2920 νηῶν
1048 2826 1105 2900 οὖν
1127 2829 1199 2899 ἀντὶ
1220 2840 1279 2899 τοῦ
1302 2830 1368 2899 ἀπὸ

257 2942 358 3024 νηῶν,
395 2947 543 3002 auctores
565 2939 668 3022 ignoti
698 2936 894 3003 scholiorum
915 2936 957 3000 ad
979 2936 1179 3021 Odysseam,
1202 2935 1371 3002 allatorum

257 3061 278 3103 a
293 3038 430 3102 Lehrsio
453 3036 600 3116 (Quaest.
621 3038 701 3122 epic.
716 3060 747 3123 p.
764 3041 835 3119 92);
859 3035 1016 3101 scholium
1031 3034 1190 3101 Venetum
1203 3036 1247 3100 ad
1259 3040 1300 3098 A
1314 3039 1371 3104 603

256 3147 369 3222 aperte
391 3146 590 3222 corruptum,
613 3159 633 3201 a
654 3135 892 3201 Friedl'atndero
908 3135 950 3200 ad
966 3135 1066 3200 Arist.
1089 3158 1120 3222 p.
1136 3136 1369 3200 saeuissime

258 3235 480 3318 emendatum3
507 3235 698 3300 Ammonius
722 3235 784 3312 (ed.
807 3234 922 3300 Valck.
938 3257 970 3320 p.
991 3240 1043 3312 2⁰)
1064 3233 1255 3298 Eustathius
1269 3241 1372 3314 (1134,

257 3340 318 3414 37),
338 3332 396 3421 νην
409 3326 478 3398 ἀπό
493 3329 662 3417 πρόθεσιν
673 3331 730 3421 τὴν
741 3327 811 3398 ἀπὸ
828 3325 967 3418 ἀψύχων
982 3330 1103 3418 δηλοῦν
1114 3327 1251 3417 κίνησιν,
1269 3330 1329 3419 τὴν
1339 3327 1373 3395 δὲ

256 3429 351 3515 παρά
370 3431 429 3521 νην
452 3425 520 3499 ἀπὸ
545 3428 702 3518 ἐμψύχων
722 3434 872 3518 idemque
893 3456 923 3519 p.
941 3437 1010 3514 895,
1030 3439 1068 3501 33
1084 3434 1263 3498 docuerunt
1280 3424 1372 3514 παρά

258 3558 284 3600 c.
307 3557 378 3619 gen.
402 3546 475 3598 cum
498 3533 709 3598 substantivis
732 3543 857 3597 tantum
871 3554 1027 3619 personas
1039 3533 1091 3597 vel
1106 3531 1261 3597 animalia
1275 3533 1372 3618 signi-

256 3633 429 3698 ficantibus
452 3634 615 3717 coniungi,
635 3623 704 3694 ἀπό
729 3632 769 3696 de
784 3630 882 3696 rebus
898 3634 1051 3718 usurpari
1066 3634 1229 3698 inanimis.
1274 3629 1372 3712 Quod

258 3755 454 3818 quamquam
476 3742 564 3797 recte
584 3741 795 3818 praeceptum
816 3740 865 3795 est
888 3732 915 3795 si
932 3755 1027 3813 usum
1040 3733 1200 3818 pedestris
1216 3731 1373 3796 orationis

256 3833 385 3897 Atticae
406 3830 510 3896 solum
531 3832 734 3916 respicimus,
760 3831 794 3894 id
818 3829 903 3917 quod
924 3829 972 3895 illi
991 3833 1196 3916 grammatici
1217 3831 1373 3912 fecerunt,

160 3929 162 3932 ’
256 3931 344 3997 idem
376 3943 485 3996 tamen
511 3932 642 3996 minime
672 3929 712 3994 d'e
740 3932 846 4016 poetis
872 3929 981 3995 valere
1012 3932 1078 3995 iam
1098 3931 1276 3997 Homerica
1305 3952 1373 3994 car·

257 4033 348 4110 mina
367 4031 494 4114 docent,
515 4029 686 4115 inquibus
707 4051 781 4094 cum
802 4030 953 4115 sexagies
975 4027 1068 4120 capel
1088 4054 1160 4096 cum
1181 4031 1333 4117 genetivo
1356 4050 1373 4093 e
