2836 4784
150 353 211 416 214
660 343 743 400 Allen

151 537 251 579 aenea
274 523 331 596 est,
354 512 411 576 scd
434 510 490 576 illa
512 512 611 578 multo
634 514 799 598 grandior,
821 537 935 579 versus
957 516 991 579 in
1012 515 1120 578 fronte
1140 511 1254 577 habens

149 614 442 700 vigintiquinque,
470 614 504 675 in
534 612 637 677 altera
663 624 756 699 parte
787 616 902 700 viginti
931 615 1020 679 duos.
1067 624 1090 679 F
1112 621 1254 677 constant

150 724 208 790 est,
229 736 289 778 nec
312 714 416 777 minus
438 715 471 796 Ῠ.
513 714 652 777 Formae
674 713 853 778 litterarum
875 717 1022 799 ratioque
1044 711 1212 777 scribendi
1231 712 1254 774 ir

150 816 336 877 universum
359 835 429 876 oum
451 812 552 877 altero
574 813 668 878 titulo
691 823 888 899 congruunt,
918 814 973 878 sed
996 821 1133 899 propter
1154 832 1254 896 super·

150 912 233 976 liciei
261 913 467 998 asperitatem
495 914 657 998 scriptura
683 913 794 979 rudior
821 924 884 997 est3
921 916 999 1001 quin
1027 909 1254 978 Oeconomider

151 1015 250 1076 etiam
283 1014 328 1076 ait
358 1034 393 1075 se
421 1013 560 1096 vestigia
589 1033 766 1097 agnoscere
794 1015 914 1099 prioris
942 1013 1165 1098 inscriptionis
1189 1009 1254 1074 oliu

153 1111 278 1175 deletae
307 1111 350 1175 ad
380 1133 482 1175 novas
512 1112 719 1197 accipiendas
744 1112 878 1178 litteras.
921 1114 1096 1177 Praeterea
1118 1109 1254 1195 opificen

153 1210 295 1298 produnt
317 1211 502 1296 imperitum
522 1213 604 1276 vitia
630 1211 717 1277 haud
746 1236 866 1299 pauca:
896 1237 925 1277 v.
949 1219 967 1277 2
975 1252 990 1294 ,x
1013 1211 1033 1272 λ
1054 1212 1212 1274 omissum
1232 1209 1254 1270 ir

151 1331 231 1374 voce
251 1301 453 1386 ὁπλόξενονς
473 1334 505 1374 v.
527 1317 556 1393 7,
577 1305 852 1396 καταλείπονξτα
875 1312 1006 1376 divisim
1027 1334 1087 1397 pro
1111 1300 1254 1371 καταλεί·

151 1412 308 1486 πονταςῧ)
338 1433 371 1472 v.
396 1416 442 1492 11,
467 1401 641 1474 drrrorcr'mv
663 1433 722 1497 pro
746 1404 801 1473 ἀπ’
823 1404 1039 1487 'Ommatium
1067 1434 1098 1476 v.
1125 1417 1171 1490 17,
1202 1396 1249 1470 alr

76 1593 78 1598 .
152 1531 211 1593 pro
235 1497 325 1587 εἶμεν
354 1503 408 1583 im
436 1533 465 1575 v.
489 1516 537 1592 21,
567 1511 620 1572 soi
646 1533 705 1596 pro
733 1512 824 1587 τοῖς,
855 1535 885 1577 v.
908 1517 957 1593 22,
987 1502 1187 1582 Novariam
1205 1529 1254 1592 pr·

152 1602 379 1682 Ναυπάκτιος,
405 1617 437 1672 et
457 1604 593 1694 γένητει,
615 1620 649 1674 ut
670 1611 807 1693 videtur,
830 1635 889 1697 pro
912 1606 1065 1695 γένηται,
1086 1632 1116 1674 v.
1133 1614 1172 1675 33
1190 1601 1254 1672 rs'o

153 1730 212 1795 pro
237 1702 355 1783 Ρέῑοςῑ
382 1731 412 1772 v.
435 1713 474 1776 39
499 1702 698 1772 ‘Oueiniata
719 1735 778 1796 pro
804 1703 1018 1785 'tlrrurvat'cov5
1050 1733 1079 1773 v.
1101 1716 1141 1775 40
1165 1706 1254 1767 NaF

153 1809 298 1870 πακτίων
326 1830 384 1894 pro
416 1803 656 1885 Ναυπακῑίων,
684 1834 712 1873 v.
736 1819 785 1894 45,
816 1804 982 1898 ψάφιξξιν
1009 1831 1069 1895 pro
1097 1801 1254 1892 ψάφιξιν

153 1919 225 1970 tum·
250 1932 279 1971 v.
308 1913 347 1974 35
375 1917 424 1971 est
449 1906 538 1972 locus
565 1909 646 1974 adeo
673 1912 826 1975 confusus
855 1919 891 1973 ut
918 1918 1059 1995 nequeat
1088 1930 1148 1993 pro
1177 1913 1251 1969 cert:

154 2006 296 2071 enodari.
328 2005 445 2072 Cetera
467 2030 550 2093 quae
574 2011 771 2074 correctione
794 2018 888 2094 egent
908 2011 1027 2094 partim
1049 2007 1092 2070 ad
1113 2009 1254 2070 vitiosas.

153 2107 457 2192 pronuntiationem,
481 2109 599 2192 partim
622 2108 664 2171 ad
687 2109 839 2173 damnum
862 2131 923 2192 quo
945 2105 1056 2171 tabula
1078 2106 1196 2170 affecta
1216 2126 1254 2168 cs

153 2207 275 2271 referre
298 2207 382 2283 licet.
419 2206 547 2270 Titulus
570 2230 628 2293 per
649 2230 765 2275 novem
786 2218 972 2272 transverse
994 2207 1119 2292 positas
1140 2204 1252 2268 littera

154 2309 187 2369 in
209 2305 321 2370 decem
342 2314 452 2392 partes
476 2305 600 2370 divisus
622 2316 679 2370 est.
709 2306 876 2371 Vocabula
897 2328 1122 2392 nonnusquam
1144 2303 1254 2389 triplie

155 2414 273 2492 puncto
303 2415 463 2491 separata.
506 2405 545 2468 In
574 2405 711 2469 dialecto
737 2405 838 2470 multa
867 2405 1044 2491 singularia
1073 2403 1173 2469 habet
1193 2425 1254 2468 cun

154 2505 283 2570 foedere
306 2504 478 2570 Chalcensi
500 2507 692 2570 communia.

236 2605 353 2669 Aetate
379 2605 440 2669 hae
465 2605 551 2669 duae
583 2607 811 2692 inscriptiones
847 2606 1017 2670 manifesto
1052 2605 1140 2668 haud
1171 2603 1254 2687 long:

154 2705 238 2768 inter
265 2729 299 2770 se
327 2704 455 2769 distant.
503 2706 679 2790 Digamma
711 2715 778 2770 tam
806 2715 990 2771 constanter
1018 2700 1189 2789 seriptum'
1203 2726 1254 2767 nor

155 2828 310 2869 summam
327 2806 435 2888 arguit
447 2814 650 2888 vetustatem,
669 2829 744 2871 nam
760 2808 909 2871 convenit
922 2805 1006 2869 hanc
1022 2803 1165 2868 litteram
1180 2823 1254 2888 aput

154 2907 341 2969 remotiores
368 2913 479 2989 gentes
508 2904 688 2970 diutissime
713 2908 747 2970 in
778 2928 924 2970 sermone
944 2905 1099 2968 haesisse.
1144 2902 1254 2966 Ambus

157 3004 199 3068 ad
222 3006 366 3091 quintum
390 3026 418 3068 a.
443 3001 518 3068 Chr.
540 3028 570 3068 n.
590 3005 732 3071 seculum
757 3014 844 3070 recte
871 3003 1074 3069 existimabis
1096 3004 1254 3088 pertinere

156 3104 286 3168 Foedus
303 3104 528 3169 Oeantheense
550 3105 601 3169 vel
618 3104 797 3171 Chalcense
819 3114 928 3169 censet
941 3103 1166 3167 Kirchhoffius
1181 3103 1254 3165 circs

156 3205 281 3267 initium
303 3203 379 3268 belli
401 3205 667 3293 Peloponnesiaci
688 3214 856 3269 exaratum
881 3226 961 3268 esse.
992 3201 1085 3266 Alter
1096 3201 1210 3265 titulus
1226 3199 1254 3264 ai

158 3302 254 3390 paulo
290 3305 452 3390 antiquius
487 3314 614 3392 tempus
645 3304 833 3369 referendus
864 3302 1012 3384 videtur,
1046 3323 1112 3364 non
1146 3310 1254 3365 tantun

157 3413 290 3489 propter
303 3405 328 3487 ῼ
343 3415 542 3491 usurpatum,
564 3405 624 3469 hoc
640 3405 724 3468 enim
747 3403 920 3467 discrimen
942 3410 1069 3489 poterat
1082 3400 1146 3465 loci
1163 3399 1254 3486 potius

161 3527 257 3588 quam
280 3506 433 3589 temporis
457 3527 544 3580 esse,
576 3527 672 3590 quam
703 3502 790 3589 quod
812 3504 1000 3588 Naupactus
1022 3500 1099 3564 inde
1121 3499 1164 3564 ab
1186 3520 1254 3564 ann(

156 3611 217 3668 455
242 3626 344 3689 usque
366 3603 409 3668 ad
431 3612 488 3672 401
512 3605 746 3669 Messeniorum
775 3612 860 3685 erat,
885 3606 972 3666 intra
997 3623 1078 3688 quos
1107 3608 1147 3666 54
1169 3619 1254 3664 annot

224 3855 250 3919 5)
269 3852 333 3906 Sine
352 3853 436 3907 dubio
455 3838 660 3922 quadratarius,
684 3851 825 3904 immernor
847 3852 991 3903 contextus
1009 3847 1093 3902 totius
1111 3846 1173 3915 loci,
1199 3843 1254 3899 fals<

51 3939 53 3943 ’
158 3935 227 4006 legit
245 3954 278 3989 ex
295 3937 398 3991 scheda
415 3953 498 4006 quam
519 3936 693 3990 describebat
715 3938 894 3988 καταλείπων
917 3933 951 3986 τὰ
977 3931 1008 3985 ἐν
1035 3937 1070 4000 τᾷ
1092 3934 1184 4000 torta:
1205 3926 1254 3981 vidt

158 4021 255 4075 locum.
