2836 4784
403 414 405 421 ·
434 383 468 438 de
485 383 693 456 praepositione
712 382 798 454 παρά.
1109 387 1113 397 “
1134 393 1171 454 51

55 553 145 619 Hier.
168 552 223 618 XI
246 559 294 620 12.
317 553 453 618 Memor.
480 552 514 617 Il
537 559 566 635 7,
589 559 618 619 4.
646 544 678 614 οἱ
708 543 791 633 παρ’
822 544 897 636 ἡμῖν
927 544 1054 616 οἰκέται
1074 554 1173 619 Ieoer.

56 654 97 717 lV
122 658 286 736 123,159.
316 646 450 737 ῥήτορες
477 650 577 717 Isoor.
599 651 631 715 V
652 657 680 716 2.
706 651 803 717 Dem.
824 651 940 718 XXIV
970 659 1027 719 142
1049 646 1177 737 θεωροί

57 753 136 817 Plat.
158 751 225 838 leg.
247 751 314 816 XII
337 757 406 819 953.
431 745 641 836 δικαστήριον
662 751 758 816 Deru.
780 750 843 815 VIl
865 758 893 817 9.
917 762 976 817 ete.
999 761 1057 817 eto.

136 850 195 916 Ad
216 874 288 915 rem
307 850 473 938 publicam
495 849 668 936 legumque
690 852 915 916 auctoritatem
931 860 1079 937 spectant
1093 851 1174 916 haec

57 951 222 1039 exempla,
250 950 292 1015 ab
322 973 434 1016 eorum
460 949 635 1015 verborum
663 972 723 1013 usu
750 973 816 1014 non
843 950 959 1032 aliena,
989 950 1028 1014 de
1057 950 1174 1037 quibua

58 1075 85 1138 p.
102 1058 153 1117 42.
176 1054 313 1136 egimus.
335 1043 354 1135 ἡ
378 1041 461 1130 παρ’
485 1043 562 1135 ἡμῖν
584 1041 791 1131 δημοκρατία
812 1050 888 1114 Diu.
911 1050 927 1114 Ι
947 1055 995 1115 25,
1019 1044 1175 1113 πολιτεία

57 1151 152 1216 Dem.
175 1149 245 1214 XX
268 1155 336 1216 106.
354 1145 414 1224 τὰς
433 1145 526 1230 παρὰ
549 1140 646 1232 σφίσι
669 1142 862 1224 δυναστείας
884 1143 1077 1231 ἐκβαλόντες
1096 1149 1175 1236 Lys.

57 1249 160 1319 1118.
190 1242 209 1312 ὁ
236 1239 319 1330 παρ’
355 1240 432 1333 ἡμῖν
463 1241 565 1328 νόμος
594 1246 672 1313 Eur.
698 1245 770 1333 Iph.
800 1246 839 1312 T.
864 1254 933 1314 465.
961 1247 1040 1334 Lye.
1069 1248 1104 1313 Π
1127 1255 1174 1315 25.

58 1350 104 1415 VI
129 1355 179 1416 16.
199 1357 260 1415 ete.
284 1358 344 1412 ete.
386 1361 389 1366 ’

139 1448 293 1534 Denique
319 1446 477 1512 translate
506 1445 546 1510 de
573 1444 672 1509 rebus
694 1466 777 1528 quae
798 1465 897 1529 penes
921 1444 1061 1531 aliquem
1084 1454 1172 1512 sunt:

57 1541 151 1632 τέχνη
184 1541 279 1627 παρὰ
311 1538 367 1608 σοί
390 1544 473 1610 Plat.
499 1543 546 1610 Io.
579 1548 648 1610 533.
680 1541 781 1628 Gorg.
811 1549 872 1609 452
900 1543 936 1609 O.
958 1538 1104 1630 πάθημα
1131 1545 1175 1611 io

56 1644 183 1711 Phileb.
204 1650 253 1711 42.
277 1637 386 1726 δόγμα
407 1643 451 1708 id.
473 1666 557 1730 resp.
580 1642 629 1707 IlI
653 1649 713 1711 413
736 1641 798 1726 leg.
821 1641 987 1725 V111791,
1010 1650 1078 1710 798.
1093 1638 1175 1722 δόξα

56 1745 135 1832 Lys.
158 1743 244 1808 XlX
266 1749 315 1810 34.
339 1736 439 1826 λόγος
460 1735 479 1806 ό
501 1733 584 1826 παρ>
610 1734 698 1823 αὑτῷ
719 1744 802 1806 ratio
826 1744 894 1807 eius
915 1743 999 1807 Plat.
1020 1766 1105 1830 resp.
1126 1744 1175 1810 IV

57 1853 126 1913 440.
149 1836 276 1907 Phileb.
300 1850 346 1908 11.
368 1841 467 1928 Soph.
491 1847 547 1909 251
573 1841 615 1906 D.
634 1837 676 1902 τὰ
699 1831 779 1922 παρ’
803 1834 884 1923 ἡμῖν
907 1834 1013 1927 κάλλη
1035 1843 1174 1909 Phaedr.

59 1950 126 2011 110.
147 1942 252 2007 Isocr.
270 1940 305 2004 X
319 1948 369 2009 60.
385 1934 405 2026 ἡ
421 1937 576 2025 ῥητορικὴ
599 1932 766 2025 φαντασία
788 1937 845 2003 καὶ
865 1933 884 2026 ἡ
907 1939 1000 2021 παρὰ
1019 1944 1176 2026 ποιηταῖς

57 2042 159 2128 Long.
183 2040 226 2105 de
247 2039 375 2105 sublim.
401 2039 466 2104 XV
488 2043 516 2104 2.
544 2031 744 2116 καταξίωοις
773 2037 866 2119 παρὰ
893 2041 964 2114 τοῖς
991 2034 1176 2120 συμμάχοις

57 2144 111 2205 τοῦ
130 2132 308 2220 Ῥωμαίων
329 2130 573 2217 πολιτεύματος
594 2135 709 2223 Polyb.
728 2136 778 2202 Ill
797 2144 846 2205 00.
866 2138 927 2216 (Of.
950 2161 983 2225 p.
995 2146 1055 2215 44.)

139 2241 312 2306 Postremo
334 2236 488 2303 nonnulla
510 2235 662 2322 exempla
683 2259 760 2301 usus
791 2240 859 2302 eius
880 2261 944 2325 quo
967 2260 1039 2303 eum
1063 2238 1174 2305 dativo

56 2339 278 2426 pronominum
292 2337 492 2424 praepositio
515 2334 604 2399 diota
624 2344 682 2418 est,
705 2336 852 2401 afferam:
874 2334 960 2399 πολὺ
977 2331 1176 2421 δριμύτατος

62 2431 95 2524 ἦν
114 2440 181 2502 τῶν
202 2428 286 2520 παρ’
312 2430 390 2522 ἡμῖν
410 2435 466 2500 Ar.
489 2434 588 2520 Vesp.
612 2439 681 2500 279.
703 2435 787 2501 Xen.
808 2436 871 2502 An.
892 2437 941 2501 lV
956 2443 984 2520 3,
1000 2444 1048 2503 29.
1066 2438 1083 2501 l
1101 2445 1127 2519 1,
1144 2445 1174 2506 5.

65 2537 143 2604 Hell.
161 2537 212 2604 IV
233 2542 261 2616 2,
282 2543 310 2603 5.
340 2526 545 2615 αὐτονόμους
565 2529 622 2598 καὶ
642 2531 702 2609 τὰς
724 2531 758 2596 ὲν
778 2537 818 2622 τῇ
837 2527 931 2622 Ἀσίη
951 2532 1069 2612 πόλεις
1090 2525 1176 2601 εἶναι

66 2632 164 2722 ὥςπερ
194 2631 253 2699 καί
279 2632 338 2711 τὰς
358 2629 393 2698 ἒν
413 2635 452 2720 τῇ
473 2624 556 2716 παρ’
581 2625 656 2719 ἡμῖν
673 2626 809 2696 Ἑλλάδι
837 2634 920 2699 Hell.
942 2635 993 2701 ΠΙ
1015 2646 1043 2718 4,
1065 2645 1093 2703 5.
1133 2634 1175 2699 τὰ

65 2730 139 2820 παρ’
165 2731 245 2818 ἐμοὶ
262 2728 405 2798 ἑλέσθαι
428 2726 500 2795 ἀντὶ
526 2733 592 2794 τῶν
614 2724 703 2796 οἴκοι
725 2732 832 2798 Anab.
854 2733 872 2797 I
890 2741 918 2817 7,
942 2743 970 2801 5.
990 2737 1085 2802 Dem.
1108 2736 1176 2798 XX

68 2844 127 2906 108.
168 2832 211 2898 τὰ
235 2831 327 2917 παρά
359 2828 413 2897 οοὶ
435 2830 547 2908 καλῶς
573 2825 640 2910 &aa
668 2833 752 2897 Xen.
775 2832 852 2919 (lyr.
876 2833 938 2898 VIl
964 2842 1039 2916 l,16.
1077 2835 1174 2901 Isoor.

68 2933 157 3002 1117.
181 2933 299 3000 XVIII
322 2938 369 3001 10.
416 2927 557 3014 σμικρὸν
584 2927 623 2994 τὸ
653 2923 736 3014 παρ’
769 2926 845 3016 ἡμῖν
874 2930 930 2996 καὶ
958 2925 1099 3009 άοθενὲς
1119 2932 1176 2998 καὶ

71 3033 201 3119 φαῦλον,
224 3030 263 3098 τὸ
284 3024 318 3096 δ’
346 3027 381 3096 ἐν
400 3034 448 3116 τῷ
470 3026 571 3129 παντί
591 3024 790 3110 θαυμαστόν
809 3032 859 3098 Pl.
880 3032 1005 3099 Phileb.
1026 3039 1065 3100 29
1087 3033 1124 3101 Β.

374 3399 558 3482 CAPUT
597 3396 864 3481 TERTIUM.

167 3549 218 3614 De
232 3548 469 3635 praepositione
490 3542 584 3632 παρά
606 3572 677 3612 eran
698 3547 876 3612 αοοτιοαιιλιο
898 3549 1042 3615 coereeat
1064 3601 1071 3614 .

142 3733 321 3799 Latiasime
341 3740 456 3818 patere
476 3730 563 3796 huno
584 3754 679 3796 usum
708 3733 827 3797 mirum
855 3753 922 3796 non
949 3742 1014 3808 est;
1043 3754 1175 3797 aecusa-

77 3829 146 3897 tivus
172 3834 259 3898 enim
288 3853 383 3918 quem
412 3840 489 3917 apte
519 3853 628 3894 casum
657 3829 844 3916 generalem
870 3830 1036 3917 appellare
1058 3831 1175 3915 possis,

76 3935 102 3991 ut
121 3931 204 4011 olim,
226 3953 290 4019 quo
310 3941 456 4016 tempore
476 3929 607 4015 linguae
620 3928 913 4016 Indogermanioae
929 3932 1025 3995 unius
1047 3929 1177 4014 linguae

75 4028 189 4097 vinculo
210 4028 415 4112 tenebantur,
437 4028 525 4094 solus
549 4050 644 4093 casus
665 4028 816 4117 obliquus
835 4029 905 4108 fuit,
926 4028 974 4092 ita
994 4029 1176 4115 posteriore

935 4126 967 4181 4*
