2836 4784
531 347 565 403 de
582 347 786 420 praepositione
804 345 888 422 παρά.
1226 354 1265 415 45

151 511 319 598 γενέσθαι,
342 515 517 581 Plutarcho
540 525 575 580 ut
596 516 734 599 videtur,
755 516 904 602 propria,
933 537 1016 602 quae
1042 505 1205 601 significat
1224 532 1267 576 cx

150 615 395 702 perturbatione
416 615 459 680 ad
482 637 516 679 se
538 614 660 698 redire,
686 615 737 678 sui
758 608 939 701 compotem
963 615 1045 678 fieri.

231 716 307 779 Non
337 714 440 780 solum
468 714 616 778 facultati
643 712 797 795 ludendi,
831 736 944 778 verum
979 714 1078 778 stiam
1100 707 1267 776 iudicandi

150 814 386 900 significandae
407 806 500 895 παρά
524 835 597 876 cum
618 812 727 877 dativo
744 813 948 877 coniunctum
964 813 1108 895 inservit,
1127 829 1267 897 quapro-

150 923 221 999 pter
244 912 289 977 ad
318 912 421 976 verba
452 912 620 977 iudicandi
641 911 777 998 putandi
811 911 983 999 reputandi
1008 911 1192 997 adpositum
1219 914 1268 971 est

150 1012 262 1075 eadem
286 1012 411 1076 ratione
434 1035 497 1099 qua
520 1014 617 1076 etiam
636 1033 696 1075 nos
719 1013 960 1097 praepositione
981 1009 1031 1074 ba·
1048 1011 1171 1075 utimur
1194 1009 1268 1073 cum

150 1110 289 1174 dicimus
314 1108 368 1172 bet
381 1110 449 1173 οιόΙι
473 1110 602 1193 daphea,
625 1109 678 1173 ba·
689 1109 756 1172 sich
777 1108 947 1195 therlopen.
976 1111 1067 1173 cuius
1082 1131 1161 1173 usus
1176 1116 1269 1191 tanta

149 1211 197 1273 vis
221 1208 446 1294 exemplorum
468 1220 517 1273 est
539 1219 575 1273 ut
600 1210 708 1273 omnia
729 1208 917 1277 adscribere
937 1208 1018 1272 nihil
1041 1210 1184 1272 attineat.
1205 1205 1267 1269 Ra-

149 1309 216 1373 rius
232 1306 374 1394 quid'em‚
396 1329 636 1394 nonnumquam
656 1319 765 1371 tamen
785 1307 921 1372 verbum
943 1309 1098 1372 omissum
1112 1316 1161 1370 est
1181 1304 1268 1370 velut

149 1408 181 1471 in
202 1405 275 1472 loco
294 1405 431 1470 Pindari
453 1406 561 1493 (Pyth.
583 1405 617 1469 Π
639 1411 690 1482 72)
722 1399 826 1481 καλός
846 1427 900 1469 τοι
921 1399 1047 1482 πίθων,
1072 1401 1164 1487 παρὰ
1184 1425 1268 1465 τιαι-

150 1501 199 1568 σὶν
221 1495 276 1567 ἀεὶ
298 1501 399 1580 καλός
421 1528 503 1593 quae
524 1504 627 1569 verba
649 1527 722 1569 cum
746 1504 899 1570 Bosslero
921 1505 974 1583 (de
995 1529 1107 1592 praep.
1129 1527 1191 1567 usu
1214 1523 1266 1589 ap.

148 1603 253 1680 Pind.)
269 1603 455 1689 significare
476 1605 675 1690 putaverim:
713 1626 756 1669 ex
776 1604 898 1668 iudicio
920 1627 1117 1690 puerorum,
1151 1625 1193 1667 ex
1215 1623 1268 1666 ra·

150 1705 234 1768 tione
256 1702 427 1766 iudicandi
449 1725 532 1788 quae
559 1703 648 1789 apud
677 1726 796 1790 pueros
828 1712 886 1768 est.
910 1703 1010 1768 -Item
1035 1706 1191 1768 omissum
1220 1710 1269 1766 est

149 1802 287 1867 verbum
307 1803 341 1866 in
362 1801 441 1866 Eur.
458 1801 577 1866 Bacch.
598 1809 653 1870 401
681 1798 892 1884 μαινομένων
914 1800 986 1866 ol'ds
1006 1790 1266 1884 τρόποι-παρ’

149 1894 264 1982 ἔμοιγε
287 1903 408 1986 φωτῶν
431 1921 502 1965 meo
526 1901 656 1986 quidem
676 1902 807 1967 iudicio.
850 1901 1075 1988 Maximopere
1104 1901 1267 1987 placuisse

150 1999 229 2064 haec
245 1999 376 2064 dicendi
390 2001 474 2064 ratio
491 1999 643 2086 Euripidi
664 2000 805 2084 videtur,
828 2000 917 2088 apud
933 2022 1028 2088 quem
1050 2010 1174 2086 septem
1186 2001 1268 2064 eius·

150 2098 238 2164 modi
259 2098 323 2163 loci
343 2107 490 2164 exstantr
523 2090 601 2180 νταρ>
625 2094 702 2185 ἡμῖν
723 2093 761 2163 οὐ
785 2094 1010 2185 euphratide,
1035 2093 1177 2181 ἐχθροὺς
1204 2095 1266 2160 λα-

148 2193 251 2279 βόντα
271 2195 316 2281 αὴ
341 2189 576 2261 &novisanam
598 2191 692 2284 δίκην
711 2198 842 2264 Heracl.
864 2205 920 2271 881
944 2197 987 2262 ib.
1010 2201 1080 2265 370.
1100 2198 1150 2264 El.
1178 2204 1271 2265 1016.

150 2297 229 2362 Hec.
267 2303 356 2364 1247.
395 2295 466 2382 Iph.
489 2295 528 2361 A.
550 2300 611 2364 968
640 2298 736 2383 frgm.
767 2304 815 2366 87.
848 2304 919 2365 956.
968 2297 1079 2362 Pauca
1107 2296 1266 2362 eiusmodi

152 2395 304 2483 exempla
326 2397 423 2461 etiam
444 2394 533 2482 apud
553 2394 757 2461 Herodotum
779 2397 940 2483 leguntur.
973 2386 1053 2483 ἀνὴρ
1084 2388 1162 2479 παρ’
1191 2390 1268 2480 ἡμῖν

151 2490 346 2581 σοφώτατος
373 2487 548 2577 γενόμενος
573 2493 637 2558 VH
659 2501 718 2563 235
745 2497 788 2561 in.
821 2507 853 2561 et
893 2483 990 2573 οὗτος
1014 2489 1092 2579 παρ’
1128 2490 1204 2577 ἐμοὶ
1228 2493 1268 2581 τῇ

143 2585 259 2681 Ιὄνομα
281 2595 379 2657 τοῦτο
402 2585 535 2667 δίκαιός
556 2587 624 2656 ἐστι
648 2588 815 2678 φέρεσθαι
837 2595 881 2660 id.
902 2596 920 2660 I
942 2602 991 2664 32.

237 2693 304 2760 Sed
331 2693 427 2779 longe
456 2693 648 2778 saepissime
676 2693 814 2758 verbum
846 2694 1015 2760 iudicandi
1044 2695 1190 2782 additum
1219 2704 1268 2760 est

150 2795 237 2860 velut
259 2790 352 2875 παρὰ
373 2783 508 2875 Δαρείῳ
530 2793 624 2878 κριτῇ
651 2792 772 2858 Herod.
793 2793 845 2857 III
869 2800 937 2861 160.
967 2785 1046 2876 παρ’
1070 2788 1146 2875 ἐμοὶ
1175 2795 1269 2882 κριτῇ

149 2893 207 2961 Iul.
235 2894 302 2980 Ep.
331 2893 349 2957 I
373 2893 416 2955 in.
444 2891 496 2968 (cf.
524 2890 587 2977 Ep.
616 2891 732 2956 XXIV
759 2891 828 2974 fin.,
858 2886 926 2957 ὑπό
954 2913 1010 2956 σοι
1036 2896 1141 2982 κριτῇ)
1170 2888 1269 2975 ἐκρά-

152 2988 228 3077 τῇσέ
257 3013 316 3056 σον
343 2988 401 3055 καὶ
428 2991 531 3053 ταῦτα
558 2987 650 3074 παρὰ
676 2987 785 3073 Τρωσὶ
811 2990 984 3067 δικασταῖς
1008 2991 1051 3058 id.
1073 3016 1122 3080 ep.
1142 2993 1270 3060 XXIV,

152 3092 262 3157 Verba
283 3093 318 3155 in
331 3089 515 3155 huiusmodi
525 3089 746 3170 ¹locutionibus
763 3101 923 3178 usurpata
939 3101 1014 3156 sunt
1027 3092 1116 3162 haec.
1149 3091 1268 3158 δοκεῖν.

155 3189 264 3267 δοκοῖς
286 3183 364 3274 παρ’
388 3182 464 3275 ἡμῖν
487 3180 524 3251 οὐ
547 3187 796 3270 βεβουλεῦσθαι
818 3192 930 3266 κακῶς
951 3190 1175 3278 SophTrach.
1196 3200 1266 3262 586.

151 3290 226 3356 Eur.
241 3290 335 3356 Med.
359 3295 428 3356 763.
457 3287 535 3374 Lya
557 3288 605 3353 VI
627 3296 676 3355 44.
703 3289 817 3355 XXVI
842 3295 889 3356 19.
917 3290 1005 3378 Hyp.
1023 3291 1057 3356 Π
1081 3299 1108 3358 7.
1134 3297 1181 3358 12.
1209 3293 1267 3358 Di·

152 3390 393 3457 narch.·1105.
426 3387 519 3451 Dem.
542 3387 610 3452 XX
635 3387 704 3455 164.
744 3381 869 3473 κρίνειν
889 3389 972 3454 Plat.
993 3390 1125 3456 Theaet
1151 3399 1208 3458 170
1225 3392 1269 3456 D.
1358 3412 1361 3420 ·

151 3489 225 3577 Lys.
248 3488 297 3554 VI
318 3494 366 3554 54.
390 3487 466 3551 Din.
486 3485 549 3552 13.
561 3492 611 3553 94.
632 3486 666 3551 Π
680 3494 728 3554 22.
751 3489 846 3554 Dem.
862 3487 930 3551 XX
944 3494 993 3557 88.
1016 3482 1154 3554 οἴεσθαι
1173 3492 1268 3558 Dom.

151 3588 228 3656 XLI
251 3594 301 3655 29.
335 3588 383 3670 τῷ
405 3583 556 3669 λογισμῷ
576 3579 687 3648 πάντα
708 3579 786 3672 παρ’
811 3581 917 3672 ἑαυτῇ
938 3592 1112 3653 σκοπῶν
1133 3589 1266 3657 Philem.

152 3711 229 3754 com.
253 3687 364 3764 (Mein.
385 3686 434 3751 IV
454 3690 515 3762 34.)
902 3694 911 3715 ’

230 3786 284 3851 Ab
297 3785 348 3850 his
370 3807 434 3851 non
455 3806 574 3870 magno
596 3785 768 3851 intervallo
791 3786 914 3852 distant
933 3772 1176 3852 exhortationes
1196 3811 1267 3854 ora-

152 3894 256 3952 torum
278 3883 391 3972 quales
412 3895 487 3949 sunt
514 3873 735 3971 σκέψασθε
755 3878 834 3968 παρ’
858 3880 936 3968 ὑμῖν
957 3879 1070 3961 αὐτοῖς
1087 3886 1168 3972 Lys.
1188 3887 1267 3956 142.

153 3983 243 4051 Dem.
266 3983 340 4050 fals.
361 3983 381 4049 l.
404 3993 433 4052 4.
455 3983 571 4049 XXIV
596 3990 663 4052 167.
692 3978 936 4068 λογίσασθεΙ
956 3977 1035 4066 παρ’
1058 3978 1135 4066 ὑμῖν
1157 3978 1269 4064 αὐτοῖς
