2836 4784
150 319 211 382 272
662 308 745 364 Allen
786 330 789 335 ·

207 521 210 525 -
233 472 283 542 ἐνί
304 502 431 567 semper
453 500 599 566 apocope
618 479 738 543 iactam
760 478 899 542 formam
921 470 1084 561 dehabet.

236 570 310 654 ἐπί,
341 569 427 654 ἀπό,
457 572 542 654 ὑπό,
577 571 663 660 πρό,
697 569 757 639 oris
787 598 852 641 non
885 575 1057 640 discedunt
1088 598 1111 640 a
1136 574 1267 662 vulgari

150 681 285 744 ratione.

234 775 272 856 ἐξ
299 787 448 843 servatur
478 778 512 840 in
540 777 744 863 compositis,
773 775 861 862 Hyp.
890 781 908 842 3
940 783 972 837 et
992 773 1034 839 al.
1079 773 1267 861 Separatirt

152 889 200 942 est
223 873 258 958 ἐγ
278 876 385 958 semel,
408 885 547 940 ceterum
570 875 691 962 ubique
712 870 737 939 ἐ.

235 975 371 1044 Ceterae
393 975 650 1061 praepositiones
671 976 705 1038 in
726 975 845 1040 nostris
867 972 971 1037 titulis
991 995 1056 1037 non
1076 971 1231 1059 leguntur.

669 1365 689 1443 ξ
715 1368 760 1428 16.
858 1461 861 1466 ι

472 1545 717 1632 Ιιεωίίοφίοα,
741 1512 947 1630 quaedam}

235 1713 374 1808 αγχραν·
396 1718 529 1807 priamo.
570 1720 722 1808 Λοκροί,·
743 1726 888 1815 Hesych.

237 1817 449 1889 ἅδικοσυλᾶω
489 1825 548 1906 (?);
585 1828 619 1890 in
655 1826 726 1890 loco
762 1826 902 1903 difficili,
920 1825 1014 1909 lectu,
1052 1825 1113 1891 Oa.
1149 1832 1181 1908 4,
1213 1835 1267 1888 eff

153 1925 554 1990 ΑΙΚΛΛΙΚΟΣΥΛΟΙ.
612 1926 720 2006 Quum
752 1917 916 2012 optativus
948 1925 1124 1990 verborum
1154 1926 1188 1990 in
1216 1918 1267 1987 ia

154 2049 218 2091 nou
241 2025 466 2108 contrahatur,
488 2023 722 2090 Oeconomides
745 2024 823 2110 legit
846 2017 882 2088 oi
900 2016 932 2087 κ’
959 2017 1167 2106 ἀόικοσυλςῦ,
1192 2042 1267 2088 ver·

155 2125 232 2189 bum
255 2147 435 2210 agnoscens
463 2115 687 2188 ἇδικοὸυλάω.
729 2123 950 2190 Kirehhoffius
972 2125 1088 2217 rejecit
1108 2121 1267 2210 compos&

153 2234 222 2289 turn
249 2234 285 2289 ut
318 2224 497 2289 adversans
536 2223 662 2308 legibus
698 2223 908 2290 Graecitatis.
950 2222 1016 2288 Sed
1048 2214 1267 2292 emendationi

155 2347 251 2411 quam
274 2322 328 2388 ille
350 2345 413 2386 non
440 2325 509 2387 sine
537 2325 686 2388 acumine
707 2324 878 2410 proposuit
904 2322 1029 2406 obstat,
1061 2332 1096 2387 ut
1122 2321 1267 2403 vidimnfl

36 2460 38 2463 ·
155 2425 175 2504 ξ
200 2430 247 2506 12,
268 2428 297 2505 3,
319 2426 402 2487 ratio
426 2422 599 2497 scribendi.
640 2423 763 2488 Videas
786 2422 1082 2511 nonuelferendum
1106 2416 1149 2485 sit
1168 2442 1267 2486 voca·

153 2521 264 2586 bulum
288 2519 459 2606 singulare.
500 2513 714 2598 Ἀὁικόσυλος
742 2522 979 2605 substantivum
1001 2545 1065 2587 non
1089 2530 1139 2585 est
1160 2521 1267 2606 magis

153 2630 369 2686 monstrosum
401 2643 498 2708 quam
531 2619 733 2698 κακόδουλος
770 2623 886 2698 (malus
913 2610 1049 2704 smnus),
1088 2613 1267 2695 κακόσιτος

153 2718 381 2808 (fanaticum),
403 2716 626 2808 κακοθαλπής
643 2720 810 2809 (stupellas,
832 2722 911 2789 Hes.
934 2746 958 2787 s.
972 2746 1004 2785 v.
1026 2713 1267 2801 δυσθαλπέος),

154 2814 349 2907 circumcis,
373 2820 447 2887 alia.
485 2813 599 2909 Neque
621 2822 755 2886 verbum
777 2825 812 2885 in
834 2815 883 2883 άω
906 2844 926 2886 a
948 2821 1126 2907 composito
1149 2820 1261 2896 forma·

153 2932 220 2985 tum
240 2920 337 3011 plane
358 2929 448 2985 caret
463 2920 637 3007 exemplis3
658 2914 849 3004 μεσεγγυάω
865 2944 885 2984 a
898 2915 1078 3002 μεσέγγυος
1091 2919 1261 2984 deductum

154 3021 212 3102 esi,
223 3019 433 3108 similiterque
443 3011 574 3102 ἆτιμάω
586 3012 738 3103 (ἄτιμος),
753 3012 1005 3105 κᾳκοδαιμονάω
1015 3011 1261 3102 (κακοδαίμων),

155 3113 356 3203 καρηβαράω
372 3108 639 3207 (καρηβαρής),5ῗ)
662 3119 883 3210 θμάθὶθνὶονὶε
900 3113 1261 3205 εθωῐίεφρεναπατάω,

156 3212 455 3301 παλινπροπᾶομαι
483 3230 540 3285 etc.
586 3219 732 3300 Quorum
743 3222 777 3284 in
798 3219 946 3307 plurimis
970 3219 1179 3304 agnoscimus
1200 3217 1261 3280 vim

157 3313 350 3404 simplicium
373 3318 547 3385 verborum
566 3314 716 3402 epyrum,
741 3312 869 3401 τιμάω,
903 3311 1088 3400 duricordes,
1110 3307 1259 3390 ἆπατάω,

157 3411 277 3492 ouloiw.
316 3417 412 3498 Quod
433 3427 459 3484 si
480 3419 582 3484 Attici
604 3419 759 3508 pleraque
780 3406 939 3508 ejusmodi
960 3418 995 3513 in
1016 3411 1061 3479 ἕω
1083 3415 1260 3497 flectebant,

158 3517 304 3583 videmus
325 3517 410 3583 hunc
432 3521 553 3584 morem
578 3542 642 3584 non
664 3542 792 3605 semper
809 3517 966 3600 valuisse,
986 3526 1019 3580 et
1039 3514 1137 3581 facile
1159 3511 1260 3580 crede·

157 3641 226 3682 mus
249 3617 331 3682 alias
353 3617 510 3683 dialectos
532 3620 629 3683 eliam
649 3618 779 3704 longius
801 3618 843 3683 ab
857 3617 919 3682 hac
932 3639 1047 3683 norma
1069 3609 1258 3680 discessisse.

224 3904 266 3968 52)
284 3905 310 3957 A
335 3903 526 3974 Theophrasto
550 3899 650 3956 diserte
672 3899 797 3956 Atticum
819 3896 934 3966 dictum,
958 3896 993 3955 of.
1014 3884 1138 3959 Lobeclr.
1156 3897 1250 3971 Phryn.

154 4001 218 4057 pag.
237 3989 277 4042 80.
1032 4009 1036 4013 ·
1247 4002 1250 4007 ·
