2836 4784
150 334 192 397 00
669 325 731 381 ⁸²¹¹
791 349 794 356 ·

152 494 448 577 παρευνάσθαι
469 491 572 580 Orph.
592 491 685 582 Arg]
698 494 737 571 ³⁰)
766 493 882 582 quibus
903 492 1012 561 verbis
1032 493 1160 563 finirier

152 590 430 678 παρέξεσθαι.
451 589 842 674 παρακαθέζεσθαι.
875 596 1105 679 παρῆσθαι.
1131 611 1160 659 π,

151 695 370 779 καθῆσθαι.
381 713 436 755 πα
446 687 572 774 ρι’ζειν
586 701 619 758 et
633 693 837 758 maximavis
847 693 1024 765 verborum
1033 693 1160 759 derivat

152 816 171 859 e
192 729 309 882 quilius
331 813 412 882 prae
432 794 548 858 ceteris
572 793 761 878 saepissime
780 802 974 878 usurpatum
989 802 1038 858 est
1057 785 1160 874 πάρε

150 884 437 975 παρεδρεύειν.
459 889 532 957 His
530 891 1029 976 adiungamuoouxaiodut
1051 902 1082 959 et
1107 885 1160 957 der

152 984 488 1076 παραζευγνύναι
509 990 589 1057 Eur.
610 992 706 1076 frgm.
722 996 796 1058 524.
843 986 1053 1072 παραθέον
1075 1012 1144 1053 τινι

153 1094 248 1159 iuxta
278 1091 452 1178 aliquem‚-
469 1111 542 1155 cum
569 1085 737 1172 παραθέον
765 1111 839 1153 τινα
872 1089 983 1155 valeat
1005 1113 1160 1176 eutrop

154 1192 294 1279 aliquem
317 1192 338 1256 i.
363 1212 390 1254 e.
410 1212 507 1257 eursu
527 1188 670 1277 aliquem
692 1213 821 1276 supero.
850 1191 1160 1273 nuputelfioav·2

153 1283 306 1374 μολίβδῳ
336 1289 481 1374 Theogn.
504 1295 574 1356 417.
612 1288 736 1357 Herod.
762 1288 826 1354 VH
858 1297 955 1371 10,1.
996 1309 1160 1370 παρακο

154 1391 248 1473 θεῖν
267 1411 333 1452 τινι
355 1397 388 1453 et
408 1389 542 1477 proprio
555 1389 719 1455 intellectu
732 1388 775 1455 ab
789 1389 955 1476 Aristopls
973 1389 1057 1455 Xon.
1074 1387 1160 1453 Plat

154 1498 186 1554 et
201 1488 358 1554 translato
374 1488 517 1553 maxime
531 1511 551 1553 a
568 1487 688 1554 Stoicis
702 1498 903 1576 usurpatum.
930 1490 970 1554 cf.
984 1488 1145 1556 Valcken.

154 1589 188 1652 in
210 1589 290 1654 Nov.
314 1587 405 1654 Test.
424 1587 441 1650 I
464 1579 509 1653 l2.

237 1687 437 1773 Saepissime
465 1708 576 1751 omnes
598 1689 743 1753 omnium
762 1697 945 1772 temporum
968 1688 1145 1774 scriptores

152 1780 411 1868 παραμένειν
438 1787 489 1850 usi
510 1797 583 1850 sunt
611 1781 858 1869 (παραμίμνειν.
892 1780 1080 1872 παραμονή.
1108 1807 1160 1849 πα

153 1907 248 1965 νιμος
270 1891 341 1963 eto.)
364 1884 450 1970 quod
471 1887 600 1950 omnino
617 1887 755 1952 Latinae
775 1886 905 1972 linguae
914 1910 1113 1971 permanere,
1130 1909 1159 1951 -n

150 1985 322 2050 oerblerdeu
343 1985 578 2071 respondet.,³¹)
608 1980 969 2067 παρεστενάχοντο
992 1981 1138 2068 θυγατρί

151 2084 211 2150 Rh.
231 2083 280 2149 IV
305 2089 392 2149 1297.
435 2077 780 2164 παρατάττεσθαι
802 2084 842 2149 de
866 2087 1011 2150 exercitu
1026 2086 1130 2150 aciem
1152 2091 1160 2148 ἰ

151 2185 260 2250 hostes
287 2185 473 2248 instruente.
517 2178 830 2266 παραυλίζουσα
857 2179 963 2267 πέτρα
989 2178 1158 2264 μυχώδεσι

151 2285 246 2365 κραῖς
266 2283 344 2346 Eur.
366 2281 410 2344 lo.
425 2286 492 2349 493.
516 2282 659 2347 eiusdem
680 2285 792 2369 stirpis
814 2293 863 2347 est
889 2277 1064 2365 πάραυλος
1085 2282 1160 2369 Sopl

152 2382 331 2466 Reisigium
367 2380 411 2444 ad
438 2381 536 2468 Soph.
564 2381 646 2447 Oed.
675 2381 742 2448 Ool.
771 2406 802 2468 p.
819 2382 949 2461 CXII.)
992 2402 1160 2463 nuptos«

152 2481 385 2563 παροικεῖν.
417 2475 673 2560 (παρυπνολοντα
693 2475 833 2562 βόεσσιν·
846 2480 954 2562 Quint.
978 2481 1109 2568 Smyrn.
1127 2480 1160 2545 Χ

234 2580 373 2650 Restant
392 2579 547 2644 nonnulla
572 2579 674 2644 verba
699 2604 771 2645 eum
799 2582 1042 2668 praepositione
1062 2574 1157 2664 rcapti

153 2681 269 2767 posita,
292 2701 374 2764 quae
398 2703 593 2767 quamquam
623 2678 666 2744 ad
688 2680 824 2745 eandem
847 2682 1008 2745 rationem
1025 2680 1071 2747 ad
1093 2686 1160 2766 qua

153 2802 216 2866 pra
236 2790 424 2845 enumerata
445 2778 641 2866 explicanda
659 2789 742 2862 sunt,
764 2789 873 2844 tamen
886 2801 924 2844 eo
940 2778 1101 2862 differunt,
1124 2802 1160 2871 qu

114 2871 119 2879 ’
154 2882 295 2945 animum
318 2871 476 2945 translata
502 2887 593 2961 sunt,
621 2878 710 2943 velut
731 2872 1023 2957 παραβάλλειν
1041 2872 1158 2954 sitm

151 2976 353 3043 Herodotum
377 2977 581 3064 'Sophoclem
612 2976 710 3059 alios,
744 2980 877 3065 proprie
906 2978 946 3042 de
979 3001 1022 3062 ,eo
1051 2978 1160 3042 diotun

151 3100 219 3141 rem
240 3079 333 3141 iuxta
355 3075 453 3140 aliam
481 3077 587 3162 ponit,
615 3085 683 3140 tum
705 3075 745 3140 de
766 3100 804 3142 eo
827 3079 881 3164 qui
900 3100 955 3141 res
975 3078 1058 3142 inter
1080 3099 1115 3142 se
1143 3100 1160 3141 r

152 3175 240 3241 aliud
271 3174 433 3261 quoddam
460 3174 628 3261 exemplar
663 3186 839 3262 comparat.
884 3176 1053 3242 Accedunt
1078 3198 1120 3240 ex
1149 3199 1160 3240 ε

150 3273 263 3340 radice
291 3277 432 3340 formata
461 3267 639 3358 παραβολή
664 3274 747 3341 Plat.
776 3275 911 3342 Isocrat
936 3281 994 3352 '(et
1025 3278 1160 3364 παραβο

151 3367 422 3458 παραβολοειάιξς
449 3373 565 3437 similia
593 3373 682 3457 apud
710 3377 964 3460 grammaticos.)
1007 3374 1160 3462 quibusfa

218 3573 261 3638 30)
274 3571 366 3627 Multo
377 3570 477 3627 similia
486 3572 642 3641 composita
655 3576 750 3628 nostra
760 3572 859 3643 lingua
870 3573 987 3644 praebet
998 3572 1127 3641 beilaqer
1137 3576 1160 3628 Ia

150 3625 286 3722 οειλὶσσοο
307 3655 449 3723 οαάεολὶυί.
467 3655 568 3709 hairda.
586 3657 689 3711 beiram
711 3657 842 3711 tetartaeo

202 3741 263 3807 31)
282 3736 384 3793 Graeci
400 3737 483 3792 medii
505 3737 565 3792 aeri
592 3738 679 3792 verba
700 3739 916 3811 παραμονεύειν.
942 3737 1151 3819 παραμόνημα.

151 3821 290 3892 μονευτής
308 3821 448 3877 sententia
464 3839 551 3892 prava
568 3828 783 3892 usurpaverunt
808 3820 974 3891 ‚insidiast
948 3841 960 3875 s
962 3824 1070 3877 t.ruere‘
1108 3838 1160 3876 cun

152 3902 282 3976 antiquos
300 3904 422 3961 Graecos
440 3905 474 3959 de
492 3903 620 3961 fidelibus
637 3907 736 3976 servis,
754 3907 806 3980 qui
826 3906 900 3989 apud
918 3907 1043 3960 dominos
1062 3923 1160 3977 perma

151 3986 225 4044 diota
242 3990 305 4047 sint
660 4020 663 4025 ·
