2836 4784
169 344 227 410 173
653 336 786 395 33133133

167 505 283 592 quibus
305 505 463 593 originem
482 505 597 572 horum
612 509 777 573 nominum
796 505 1006 597 explicemus,
1033 528 1171 594 quorum
1192 508 1267 572 31131-

165 604 244 671 lium
265 616 367 672 totum
375 629 490 720 'genus
517 608 591 694 ipse
611 605 741 673 Graeca
768 607 880 694 lingua
910 605 1052 674 exhibet
1095 607 1156 672 Est
1176 630 1269 692 genus

165 730 277 772 eorum
297 707 460 771 nominum
483 706 688 792 propriorum
710 727 795 793 quae
816 730 877 793 pro
898 729 954 783 ιας
979 707 1126 792 longiore
1155 729 1186 782 ις
1206 706 1270 772 bre·

165 809 286 872 viorem
304 806 563 872 terminationem
577 804 707 878 habent,
730 828 813 892 quae
827 805 910 872 falso
925 805 1054 871 Dorice
1068 805 1111 872 ab
1121 807 1269 873 1411333311)

164 906 207 990 Π,
230 913 289 976 233
312 905 504 993 appellari
489 927 558 992 Jum
580 902 685 970 obiter
706 926 807 990 supra
827 906 1003 991 tetigimus.
1041 905 1132 984 Vere
1152 909 1266 974 Dorice

165 1005 315 1092 exemplo
335 1003 452 1090 collegi
472 1027 490 1068 3
512 1002 618 1068 lexico
645 1004 750 1088 patris
779 1003 875 1069 hoec:
906 993 1017 1086 ‘Aycg
1045 1006 1117 1071 3133
1146 996 1263 1090 Ἠγις,

153 1096 345 1187 ’Ἁνανις,
368 1094 560 1180 ’Avarum
589 1098 744 1176 Βοῦλις
765 1104 835 1168 3133
855 1100 1011 1191 Beli-r,
1044 1107 1186 1187 Δᾶμις
1206 1108 1263 1173 3133

163 1207 313 1291 Λῇμις,
342 1203 503 1278 Δεῖνις,
536 1193 720 1290 Κᾷλλις,
752 1198 948 1280 Κλεῖνις,
969 1194 1159 1282 Κνῶπις,
1182 1201 1261 1268 Λά-

162 1326 236 1380 πις
255 1306 275 1370 1.
287 1326 315 1370 3.
328 1295 520 1382 Λάμπις,
544 1301 713 1385 Λῦσις,
720 1304 862 1379 Νῖκις,
886 1297 1034 1380 Ξοῖνις
1052 1307 1121 1371 3133
1136 1299 1258 1382 Ξένις,

163 1602 345 1667 desinentia
373 1611 406 1666 et
439 1603 554 1718 ipsius
575 1599 720 1664 Doricae
754 1609 785 1665 et
814 1600 1036 1689 reliquarum
1046 1604 1255 1674 (113133133331

157 1693 294 1785 Ἀγίας
305 1695 453 1784 Ἡγίας
464 1692 622 1782 Ἡγίας,
642 1689 830 1778 Ἀνανίας
842 1693 1040 1787 Ἀνάνιος,
1059 1695 1254 1781 Ἀναπίας,

160 1799 322 1887 Βούλης
343 1792 544 1875 Βουλίας,
574 1793 745 1878 Δαμέας
773 1795 943 1882 Λαμίας
962 1799 1149 1884 Δάμιος,
1169 1805 1254 1868 Λει-

161 1895 256 1977 νίας
277 1903 454 1976 Δείνιος,
478 1891 675 1973 Καλλίας
694 1891 900 1977 Καλλίας,
924 1898 1143 1982 Κλεινίας,
1165 1907 1253 1968 Κνα-

159 1994 271 2076 ntae,
295 1991 716 2085 ΛάμπηςΛαμπίας,
735 1993 902 2076 Λνσὲας
917 1995 1255 2084 ΛνοίαςΛίοιος,

159 2095 317 2176 Νικέας
345 2093 518 2175 Νικίας,
551 2091 707 2173 Ξενίας
728 2091 877 2176 Ξενίας
897 2094 1062 2180 Ξένιος,
1093 2097 1252 2189 Πηλίας,

159 2196 334 2275 Πυθέας
371 2199 451 2278 (Ιο3.
481 2192 667 2283 Πυθέης)
708 2195 881 2275 Πίθεος
920 2197 1065 2290 Πύθης
1099 2196 1256 2277 Πυθίας

159 2294 346 2377 Πύθιος,
380 2292 572 2375 Σωσίας,
622 2290 810 2374 Φιντίας,
859 2295 1044 2378 cottias
1090 2297 1259 2378 cultior

164 2393 342 2474 Φίλλιος
367 2390 531 2482 titilius.
552 2397 606 2463 Ad
627 2420 710 2485 quae
729 2397 887 2464 accedunt
902 2400 1104 2489 3311331333
1122 2405 1257 2483 formes,

160 2521 356 2586 quemquem
378 2520 455 2563 casu
477 2497 619 2585 quodam
639 2497 868 2563 nominibus
836 2502 970 2566 31333113
990 2503 1195 2590 longioribus
1213 2501 1258 2569 sd·

158 2589 588 2676 13333333333”Λναξις
610 2591 939 2682 ΑόρκιςΔοορις
961 2601 1261 2681 ΘουνιςΚνίόις

158 2699 306 2780 Νοῖμις
338 2684 457 2772 olm
484 2699 643 2810 Προῖτος
668 2698 894 2778 Προῦμνις
926 2696 1088 2784 Τρίπις
1117 2708 1259 2790 Φοῖβις

157 2799 287 2867 similia.
330 2797 396 2865 Sed
419 2799 515 2867 311333
536 2797 703 2890 propius
693 2796 736 2861 ud
758 2797 1001 2867 similitudinem
1015 2805 1183 2873 nominum
1197 2829 1267 2895 pro·

156 2901 301 2986 priorum
322 2900 356 2962 in
385 2921 415 2973 ις
435 2920 497 2984 pro
509 2895 638 2981 vulgari
653 2917 705 2971 ιος
734 2898 921 2962 exeuntium
943 2902 1104 2969 accedunt
1116 2905 1258 2973 33333113

155 2999 381 3080 113313331333,
413 3019 548 3084 quorum
570 2995 714 3060 breviori
741 3017 772 3071 ις
793 3005 825 3060 31
786 2997 1042 3091 reliquorum
1065 3004 1257 3077 Graecorum

156 3108 188 3162 ct
216 3100 363 3184 ipsorum
391 3097 600 3163 Doriensium
632 3094 761 3180 longior
788 3117 855 3179 ιος,
890 3121 955 3167 333
989 3123 1045 3178 νας
1082 3109 1257 3174 terminatio

155 3194 341 3316 respondet.
365 3188 700 3283 8133333133Κίκις
721 3188 925 3272 ΚόννιςἈ
935 3197 1062 3279 διονις
1083 3204 1256 3290 Κλέοβις

154 3291 304 3372 Πίονις
326 3299 356 3358 Γ
360 3293 451 3372 νλις
472 3318 530 3361 seu
547 3298 578 3357 Γ
581 3288 699 3371 oller
719 3289 877 3371 Πόννις
897 3302 1102 3385 reperiuntur
1118 3301 1255 3381 Κίκιος

153 3391 339 3472 Κόννιος
357 3388 552 3470 Ἀδώνιος
583 3399 625 3470 (3.
644 3392 683 3459 B
701 3394 741 3463 A.
764 3399 837 3477 346)
857 3394 1066 3481 Κλεόβιος
1087 3403 1257 3481 Πιόνιος

155 3493 309 3572 folior
343 3491 539 3570 Πόντιος.
592 3493 687 3573 Quod
720 3517 798 3560 vero
827 3498 898 3582 jem
928 3499 1117 3571 Lobeokius
1146 3508 1253 3576 133.

153 3596 348 3679 ostenderet,
369 3595 419 3660 his
442 3595 553 3659 formis
576 3593 778 3660 brevioribus
799 3618 1003 3685 nequaquam
1023 3603 1112 3671 solos
1126 3607 1251 3674 Dorien

153 3718 205 3760 ses
227 3719 303 3761 usos
326 3718 413 3778 esse,
441 3694 499 3759 sed
519 3695 615 3758 311331
638 3695 787 3789 quamvis
807 3698 915 3762 333133
943 3699 1085 3788 reliquos
1109 3705 1251 3787 Graecos,

152 3796 187 3861 id
208 3819 336 3884 quoque
364 3795 502 3861 illustret
489 3804 541 3858 tur
570 3784 727 3879 exemplis
755 3795 932 3881 nonnullis,
965 3823 1049 3887 quoe
1077 3828 1119 3871 ex
1150 3809 1251 3874 eodem

151 3894 256 3960 lexico
277 3899 380 3983 petris
402 3904 476 3959 cont
463 3892 532 3958 tuli.
575 3891 630 3956 Sic
656 3916 716 3979 pro
744 3890 900 3980 vulgari
896 3896 1079 3986 Aypoc'cg
1110 3909 1252 3975 dicebant

151 3990 308 4063 Boeotii'
304 4005 473 4082 Ανησις,
498 4014 559 4080 pro
581 3985 770 4070 Kallias
796 3996 928 4082 iidem,
942 4001 1134 4095 Erythraei,
1161 4010 1249 4076 Attici
