2836 4784
155 342 217 404 96·
678 333 741 388 Rau
858 366 863 373 ⁴

146 526 270 587 paam,
288 500 463 565 malefici-i
477 501 512 565 id
523 501 611 587 quod
630 501 731 566 verbo
747 501 908 565 indicetur
921 495 1011 563 velut
1032 501 1259 581 nuoeyvoivas:

153 597 216 665 ὅσα
236 597 298 682 μὲν
323 589 381 663 οὖν
401 598 446 686 μὴ
475 596 620 685 φανερὸς
646 590 687 684 ἦν
707 595 801 675 ὅπως
822 592 1034 683 ἐγίγνωσκεν,
1060 590 1158 661 οὐδὲν
1178 600 1264 660 θαν-

150 698 279 782 μαστὸν
299 695 382 781 ὑπὲρ
402 693 527 762 τούτων
545 696 622 784 περὶ
645 693 746 763 αὐτοῦ
767 700 983 782 παραγνῶναι
1005 692 1084 771 τοὺς
1109 690 1265 787 δικαστάς

152 801 234 865 Xen.
257 801 354 864 Mem.
375 797 392 861 l
417 805 443 879 1,
469 804 505 864 17
527 821 619 863 secus
640 799 802 880 iudicare,
824 799 858 861 in
878 795 1054 861 iudicando
1076 818 1197 861 errare.
1223 795 1264 860 sd

151 923 247 986 quem
273 899 380 965 locum
408 898 551 984 Cebetas
582 899 675 975 (Nov.
703 898 775 963 lect.
803 920 833 984 p.
862 900 946 973 684.)
980 895 1063 959 haec
1089 894 1263 960 adnotavit

32 1028 35 1033 ·
152 1002 244 1065 cuius
265 1020 343 1064 usus
364 1020 459 1062 nemo
480 997 577 1062 facile
598 997 688 1063 eliud
710 997 894 1083 exemplum
915 1008 957 1060 ex
976 993 1192 1081 scriptoribus
1208 994 1263 1058 At-

151 1102 224 1165 ticis
247 1099 374 1180 afferet,
402 1097 460 1161 sed
489 1099 708 1183 unusquisque
738 1095 818 1160 talia
847 1117 907 1181 pro
935 1116 972 1158 re
996 1104 1075 1158 nata
1095 1093 1160 1158 sibi
1182 1116 1264 1158 com·

94 1252 97 1257 ,
152 1200 254 1286 ponit,
277 1219 360 1284 quae
381 1199 490 1261 statim
513 1196 556 1260 ab
579 1220 643 1262 uno
665 1219 792 1283 quoque
820 1207 909 1258 recte
929 1192 1182 1278 intelleguntur„
1213 1191 1264 1256 Sic

152 1299 350 1361 recentiores
368 1295 523 1360 Graeculi
541 1300 576 1361 in
596 1295 763 1360 codicibus
775 1293 1000 1359 describendis
1014 1301 1149 1359 utuntur
1166 1290 1262 1356 verbo

152 1389 388 1480 παραγράφειν
410 1405 451 1460 ε1
470 1396 606 1461 lectores
632 1396 667 1459 in
689 1404 840 1458 extremo·
856 1391 941 1457 libro
963 1392 1093 1455 veniam
1114 1400 1213 1476 rogat
1229 1388 1262 1453 li-

151 1495 282 1560 brarius
303 1485 343 1580 ἥν
361 1516 394 1556 σι
417 1489 435 1556 ὁ
458 1489 596 1582 γράφων
615 1488 832 1580 παραγράψῃ.

236 1594 330 1674 Quae
357 1595 461 1659 verba
490 1593 671 1660 doctissimi
699 1595 763 1658 viri
791 1612 855 1658 non
879 1591 1008 1656 omnino
1028 1587 1173 1675 probare
1197 1608 1263 1672 pos-

153 1716 234 1776 sum,
256 1716 333 1758 nam
355 1694 504 1780 quamvis
526 1695 732 1760 rarissimum
747 1715 819 1757 esse
836 1691 925 1777 apud
944 1690 1071 1754 Atticos
1088 1688 1262 1774 scriptores

152 1792 240 1857 bunc
261 1815 354 1857 usum
377 1794 492 1878 negari
514 1815 579 1857 non
601 1795 714 1880 possit,
737 1802 846 1856 tamen
868 1790 991 1875 aliquot
1012 1786 1166 1872 exempla
1186 1786 1261 1870 opti·

152 1915 277 1956 morum
298 1901 466 1956 auctorum
481 1902 622 1975 exstant,
645 1891 733 1957 velut
746 1891 891 1956 Platonis
906 1891 940 1953 in
957 1887 1089 1952 Theaet
1103 1908 1137 1971 p.
1157 1890 1212 1950 195
1225 1882 1261 1948 Α

152 1987 232 2053 ὅταν
253 1984 315 2074 γάρ
334 2014 365 2053 σι
381 1985 502 2075 ὁρῶσιν
526 1983 545 2076 ἢ
567 1983 733 2053 ἀκούωσιν
755 1983 778 2073 ἢ
800 1985 995 2062 ἔπινοῶσιν,
1027 1979 1152 2048 ἕκαστα
1180 1975 1263 2046 ἀπο-

154 2085 264 2170 νέμειν
286 2087 365 2168 ταχὺ
395 2083 545 2165 ἑκάσταις
567 2081 605 2152 ori
629 2085 807 2170 δυνάμενοι
828 2086 963 2172 βραδεῖς
982 2108 1018 2149 σε
1039 2076 1105 2147 εἶσὶ
1126 2082 1184 2146 καὶ
1207 2074 1263 2144 ἅλ-

154 2186 447 2272 λοιριονομοῦνιες
477 2183 696 2273 παρορῶσι
730 2210 766 2251 τε
797 2185 854 2251 καὶ
889 2177 1183 2270 παρακούουσι
1211 2176 1263 2244 καὶ

153 2291 415 2371 παρανοσῦσι
439 2286 588 2351 πλεῖστα.
631 2287 1021 2373 quibuscum'aptissime
1046 2284 1194 2348 conferes
1221 2281 1262 2347 lo·

154 2410 225 2452 cum
249 2382 420 2450 Λείπειαι
443 2384 480 2450 δὲ
502 2381 663 2450 ἐνυπνίων
682 2409 719 2449 σε
739 2381 819 2469 πέρι
833 2383 890 2449 καὶ
904 2379 1012 2449 νόσων
1024 2384 1091 2446 τῶν
1103 2403 1140 2449 σε
1157 2374 1263 2444 ἄλλων

154 2481 211 2548 καὶ
231 2481 353 2565 μανίας
374 2483 437 2550 ὅσα
465 2508 500 2549 τε
528 2480 790 2570 παρακούειν
814 2477 840 2569 ἢ
861 2485 1050 2566 παρορᾶν
1076 2473 1100 2565 ἢ
1129 2473 1263 2544 silton

102 2605 104 2610 ·
154 2580 539 2668 παραισθάνεσθαι
560 2581 701 2668 λέγεται.
720 2584 799 2651 ibid.
823 2591 881 2651 147
901 2583 955 2649 Ε.1
983 2582 1124 2669 denique
1146 2573 1263 2660 τὰμὲν

156 2675 244 2744 ἄλλα
265 2675 406 2764 ὀρθῶς
427 2676 635 2772 ἤκουσας,
661 2680 713 2748 ὅτι
734 2681 771 2747 δὲ
792 2681 848 2749 καὶ
870 2679 928 2764 ἐμὲ
951 2674 1017 2746 οἷέι
1037 2672 1145 2749 εἰπεῖν
1158 2681 1260 2752 τοῦτο,

153 2778 265 2867 παρή
272 2805 436 2859 κοασας.
471 2785 602 2868 Protag.
624 2808 657 2872 p.
680 2784 800 2852 33011.
841 2786 1017 2848 Praeterea
1043 2771 1263 2863 παραλογίζε-

93 2959 96 2964 ,
154 2885 240 2945 σθαι
262 2883 302 2947 de
323 2883 505 2948 aedictum
527 2906 623 2970 quem
645 2885 729 2948 ratio
751 2883 836 2948 fallit
856 2882 939 2960 (sich
953 2879 1161 2956 amechncn)
1178 2875 1262 2964 apud

151 2981 329 3047 Isocratem
358 2992 389 3047 et
408 2982 660 3048 Demosthenem
686 2984 859 3048 invenitur.
886 2971 1148 3063 παραναλίσκειν
1172 2978 1263 3042 Dem.

153 3076 412 3160 παραναλῶσειε
441 3076 551 3144 πάνια
578 3077 641 3144 ὅσα
664 3073 704 3144 ἂν
727 3076 936 3168 δαπανήσητε
965 3089 1062 3166 atque
1091 3097 1263 3160 παραπρε-

153 3173 260 3262 σβεία.
281 3176 571 3263 παραπρεσβεύειν
591 3181 636 3246 id.
659 3191 691 3246 et
711 3180 863 3247 Aeschin.
886 3170 1148 3260 παραχσρδίζειν
1168 3175 1262 3242 Arist·

152 3278 242 3343 Eccl.
256 3285 325 3347 295.
346 3280 432 3367 quod
453 3280 590 3346 verbum
608 3282 843 3367 interpretatus
865 3291 914 3345 est
928 3265 1163 3364 grammaticus
1180 3273 1261 3363 apud

152 3376 258 3442 Bekk.
279 3378 353 3465 (Aa.
368 3386 437 3462 113,
453 3386 484 3459 2)
501 3374 657 3462 ἁμαρτεῖν
677 3374 897 3462 κιθαρίζοντα
911 3381 1053 3462 itemque
1069 3370 1259 3462 Hesychius.

152 3474 308 3562 παραζῆν
336 3477 455 3544 falsam
483 3480 617 3545 vivendi
646 3481 806 3545 rationem
838 3479 938 3563 sequi.
979 3472 1155 3542 Anaxand.
1184 3494 1257 3539 com.

151 3576 262 3653 (Mein.
282 3576 334 3641 111
357 3584 438 3656 162.)
1075 3646 1077 3653 s

188 3702 190 3706 ·
235 3675 279 3741 At
308 3676 406 3761 longe
432 3678 537 3742 maior
566 3678 723 3742 eiusmodi
753 3678 1006 3763 compositorum
1033 3696 1188 3740 numerus
1214 3691 1255 3734 ra

153 3777 331 3839 cantiorum
354 3786 386 3840 ct
407 3777 701 3841 recentissimorum
717 3799 856 3862 graecae
869 3776 1000 3861 linguae
1017 3783 1183 3839 auctorum
1204 3776 1253 3847 est,

153 3876 247 3940 cuius
276 3875 432 3961 exemplis
456 3875 562 3940 allatis
584 3876 680 3940 finem
704 3875 917 3962 disputationi
941 3875 982 3939 de
1009 3867 1250 3961 praepositionis

156 3966 249 4056 παρά
267 3997 333 4040 usu
355 3976 521 4039 institutae
542 3974 649 4041 facere
668 3974 773 4041 liceat.
