2836 4784
715 412 779 467 Rau

717 666 788 745 ss.

258 814 316 879 De
337 816 465 879 forma
487 815 820 901 praepositionis
843 807 956 898 παρά
979 825 1019 879 et
1038 814 1249 902 praeposi-

392 916 551 978 tionum
572 913 806 999 linguarum
830 923 1112 1000 cognatarum.

278 1077 447 1144 Thematis
475 1081 550 1143 HA
556 1080 621 1142 ΡΛ
646 1079 798 1168 permulti
830 1101 925 1145 casus
951 1082 986 1144 in
1014 1080 1134 1165 linguis
1163 1078 1312 1163 indoger-

194 1177 331 1242 manicis
349 1179 471 1243 servati
488 1187 571 1261 sunt,
595 1201 693 1264 quam
707 1178 749 1244 ob
760 1201 826 1243 rem
840 1180 898 1243 vix
914 1178 1012 1243 ullum
1028 1179 1071 1243 ad
1084 1177 1312 1244 illustrandam

194 1278 473 1363 praepositionum
494 1279 719 1343 formationem
735 1279 845 1365 aptius
863 1288 921 1361 est,
943 1302 1024 1366 quas
1040 1275 1121 1343 nihil
1135 1277 1198 1340 nisi
1217 1298 1311 1340 casus

196 1374 358 1441 obsoletos
388 1401 460 1443 esse
485 1381 551 1442 iam
579 1401 681 1466 supra
708 1377 850 1443 diximus
870 1379 921 1455 (cf.
945 1378 1109 1444 Curtium:
1141 1399 1169 1438 a.
1192 1375 1311 1442 Ohron.

194 1496 226 1560 p.
245 1481 294 1541 75.
318 1482 379 1555 rs.)

276 1573 480 1641 Adverbium
509 1599 631 1642 sansor.
653 1599 773 1660 param
795 1575 884 1662 quod
903 1574 1066 1660 signifieat
1094 1573 1196 1647 ultra,
1231 1574 1311 1639 ulte·

194 1673 280 1757 rius,
312 1684 388 1760 post
416 1685 449 1740 et
485 1676 647 1743 Oscorum
683 1676 882 1764 praepositio
908 1699 1025 1759 person
1061 1678 1185 1758 (perum
1210 1671 1339 1738 doloro.

193 1772 333 1854 malam>
362 1773 454 1840 citius
482 1777 532 1841 vis
563 1786 611 1842 est
643 1777 728 1856 sine,
766 1775 1003 1838 accusativi
1038 1773 1176 1837 formam
1205 1784 1311 1837 osten-

194 1871 290 1956 dunt,
332 1872 468 1938 eandem
501 1898 694 1963 expressam
736 1872 884 1937 videmus
927 1874 961 1936 in
1005 1872 1162 1937 adverbio
1202 1866 1311 1951 πέραν

195 1995 238 2036 ex
265 1971 469 2039 substantivo
500 1974 670 2041 statuendo
698 1967 786 2053 πέρα
813 1972 965 2055 formato,
998 1971 1084 2058 quod
1120 1971 1312 2036 adverbium

195 2073 273 2160 quin
294 2095 497 2138 communem
516 2097 590 2139 oum
612 2074 702 2139 hisee
716 2071 757 2136 de
771 2071 889 2160 quibus
903 2072 1030 2158 agimus
1046 2071 1155 2136 verbis
1168 2070 1311 2135 redicem

195 2170 316 2236 habeat
337 2182 472 2238 nonest
493 2196 550 2239 our
572 2173 765 2239 dubitemus.
841 2196 844 2201 ·

275 2270 400 2358 Aperte
420 2270 757 2338 instrumentalis
778 2292 874 2334 easus
897 2280 1006 2335 exstat
1025 2272 1059 2334 in
1081 2293 1143 2336 sor.
1165 2272 1311 2357 praefixo

135 2384 138 2389 '
188 2372 277 2454 para
296 2379 328 2434 et
348 2371 382 2435 in
405 2373 646 2459 praepositione
660 2375 788 2456 perena
808 2372 961 2455 (praeter,
982 2369 1079 2451 ultra,
1100 2374 1214 2452 trans),
1236 2373 1313 2436 item

195 2468 230 2532 in
250 2468 387 2533 aendioa
401 2493 499 2554 para,
522 2472 613 2534 ouius
635 2470 741 2535 forma
763 2468 890 2555 plenior
912 2478 1042 2532 servata
1064 2480 1112 2534 est
1127 2471 1160 2533 in
1175 2472 1312 2556 inserip-

194 2565 336 2631 tionibus
358 2571 511 2634 cuneatis.
533 2568 610 2643 (vid.
635 2567 767 2655 Spiegel
800 2567 865 2632 Die
893 2567 1028 2654 altpers.
1056 2567 1252 2633 Keilinschr.
1280 2592 1313 2655 p.

194 2670 244 2731 91.
270 2671 351 2748 173.)
393 2667 506 2754 Neque
537 2669 642 2733 minus
675 2667 877 2733 Graecorum
908 2661 999 2750 παρά
1020 2691 1092 2732 oum
1112 2668 1242 2754 Boppio
1263 2669 1311 2744 (V.

169 2761 253 2844 Gr.
282 2769 302 2848 ᾗ
335 2770 425 2843 1009)
456 2767 601 2854 Benfeyo
635 2768 701 2845 (W.
733 2766 773 2831 L.
800 2766 818 2830 I
841 2770 912 2848 130)
939 2766 1052 2831 Curtio
1083 2767 1198 2845 (Grda.
1227 2778 1258 2832 et
1285 2792 1313 2832 a.

195 2862 316 2928 Chron.
337 2862 357 2929 Ι.
380 2875 420 2944 e.)
452 2867 590 2932 formam
612 2865 869 2932 instrumentalis
886 2888 968 2954 prae
988 2889 1023 2931 se
1044 2867 1129 2932 ferre
1150 2867 1313 2932 oensenda

195 2971 253 3027 est
266 2965 290 3044 ¹)

278 3062 476 3128 Locativi
496 3065 635 3130 sormam
656 3066 800 3130 servavit
819 3065 981 3129 sanserita
1002 3074 1035 3128 et
1053 3064 1190 3129 aendiea
1212 3067 1312 3152 parti-

196 3159 270 3226 cula
283 3166 367 3247 part
389 3186 407 3227 e
430 3164 548 3250 quibus
578 3163 635 3229 illa
661 3165 750 3231 valet
784 3175 912 3251 postea,
949 3163 1082 3246 deinde3
1116 3165 1198 3230 haee
1227 3176 1312 3249 ante,

196 3282 273 3346 pro,
305 3283 389 3348 quaa
420 3265 505 3328 mira
537 3266 703 3330 notionum
731 3266 827 3331 unius
855 3263 976 3328 radicis
999 3265 1133 3330 mutatio
1158 3266 1256 3329 etiam
1278 3269 1313 3330 in

264 3565 289 3630 1)
316 3561 460 3618 Schmidtii
480 3565 636 3618 sententiae
658 3567 697 3634 (p.
720 3566 762 3630 58)
788 3562 908 3633 quodam
931 3561 1014 3616 modo
1043 3563 1127 3616 etiam
1143 3563 1252 3617 Pottius
1273 3570 1310 3634 (p.

199 3650 262 3717 511)
283 3648 468 3718 adstipulatus
490 3654 541 3703 est.
577 3646 763 3702 Schweizerus
791 3646 837 3714 (K.
863 3645 894 3698 Z.
916 3644 1038 3712 111395)
1064 3662 1181 3718 eumque
1200 3655 1312 3704 secutus

194 3732 254 3787 Leo
271 3731 401 3802 Meyerus
419 3731 468 3800 (ib.
486 3731 552 3800 VII)
571 3732 649 3801 παρά
667 3748 699 3785 ex
718 3734 811 3800 παραί
827 3729 961 3800 originem
979 3729 1078 3783 ducere
1099 3732 1311 3801 contenderunt,

79 3877 81 3881 ,
197 3832 314 3886 quorum
332 3817 498 3870 sententiam
515 3815 616 3870 refellit
634 3814 745 3869 Curtius
763 3817 797 3874 (a.
815 3813 916 3867 Chron.
935 3817 988 3866 etc.
1007 3819 1047 3868 75.
1066 3817 1117 3883 16).
1143 3816 1312 3871 Wittmanni

194 3899 342 3954 ridiculum
367 3905 551 3955 commentum
579 3901 619 3967 (in
647 3901 851 3969 programmate
875 3895 1082 3952 Suevofurtonsi
1106 3902 1171 3953 1810
1188 3918 1215 3969 p.
1234 3905 1258 3955 6.
1276 3902 1311 3954 de

196 3999 291 4054 praep.
315 3985 369 4055 gr.)
395 3983 613 4055 praepositiones
636 3998 669 4036 ex
686 3982 791 4036 neutris
808 3981 962 4053 pluralibus
980 3982 1176 4036 adiectirorum
1193 3983 1312 4040 oriunda

196 4081 264 4141 esse,
281 4066 377 4142 itaque
398 4066 476 4141 παρά
495 4083 529 4122 ex
546 4066 633 4138 πάρα,
650 4065 735 4132 uerbo
752 4065 877 4139 tetigisse
893 4065 960 4120 satis
977 4066 1076 4120 habeo.
