2836 4784
160 325 220 385 266
587 346 592 354 ·
674 316 758 369 Allen

161 507 234 548 cum
255 483 445 570 vulgaribus
468 485 621 571 conjungi
642 493 741 569 atque
762 483 805 546 ad
819 482 947 546 easdem
964 485 1148 569 primitivas
1164 484 1273 550 reduci

161 586 296 670 possint.

243 682 282 745 In
305 704 366 768 quo
389 692 506 745 conatu
529 683 669 768 praeivit
689 681 782 745 nobis
806 680 935 745 Gelbke
956 682 990 744 in
1012 679 1121 746 libello
1146 682 1187 746 de
1209 682 1274 746 dia-

160 781 242 845 lecto
266 779 438 862 Arcadica,
461 803 535 867 pag.
559 789 598 848 40
622 803 670 868 sq.
691 781 795 856 (Curt.
813 779 904 845 stud.
918 780 961 845 Π.
980 785 1026 857 1.).
1062 780 1094 844 Is
1117 780 1274 844 nonnulla

160 882 278 944 rectius
301 880 476 965 perspexit.
513 879 606 958 Quae
627 881 711 943 enim
732 880 856 943 formae
878 879 1007 963 longam
1029 879 1179 943 vocalem
1198 889 1273 957 ¹ante

161 979 600 1065 simplicem·terminationis
632 988 866 1053 consonantem¹
882 978 1021 1068 habent,
1044 1000 1110 1059 eas,
1133 987 1274 1064 excepta

153 1074 186 1143 l.
203 1101 288 1164 pers.
304 1079 385 1162 sing.
406 1077 472 1140 ind.
487 1079 648 1164 aot.,'jure
663 1077 821 1142 intellexit
844 1086 1025 1141 contractas
1047 1100 1128 1142 esse.
1165 1077 1272 1164 Hujus

159 1177 272 1240 classis
303 1175 403 1239 multo
429 1175 524 1265 plura
553 1199 649 1263 quam
673 1176 811 1241 aliarum
839 1174 990 1262 exempla
1014 1185 1165 1259 exstant,
1194 1199 1271 1241 casu

159 1277 267 1339 omnia
299 1274 533 1360 propemodum
567 1298 587 1340 a
618 1275 812 1361 stirpibus
803 1298 837 1339 ιιι
866 1295 882 1336 ε
910 1273 1064 1338 derivata.
1107 1275 1272 1340 Lesbiaco

158 1374 276 1438 dialect
263 1384 357 1438 taus
337 1373 460 1456 aliquot
480 1372 603 1439 forinas
619 1375 761 1463 praebet
790 1372 900 1460 quales
923 1365 1079 1456 φίλητθν,
1112 1368 1270 1460 φίλημαι,

156 1467 419 1556 φιλήμεθαθθ,
412 1472 555 1536 ·infinit'
533 1483 619 1539 trvus
633 1484 682 1538 est
696 1468 797 1560 φίλην
780 1474 929 1549 r(etiam
950 1465 1054 1555 νίκᾱν,
1076 1468 1271 1558 στεφάνων),

158 1571 261 1636 simile
284 1573 426 1686 φορῆναι
458 1581 506 1635 est
493 1572 805 1638 tHomericumet
829 1571 1042 1645 Arcadicum
1069 1571 1271 1636 Arcadicum

156 1692 282 1758 quoque
311 1642 510 1767 ζαμιιιῗσθω,
547 1676 744 1760 quamquam
776 1672 810 1735 id
844 1671 885 1734 ad
914 1670 1082 1756 vulgarem
1109 1676 1270 1736 rationem

155 1769 271 1834 referri
300 1778 431 1853 potest.-
456 1770 555 1836 Praet
542 1781 591 1836 ter
619 1772 700 1835 haec
727 1775 868 1835 maxime
890 1767 1115 1856 frequentatur
1137 1773 1269 1856 partici-

156 1871 244 1956 pium
266 1866 403 1950 medii,'
394 1891 427 1932 ιιι
450 1879 575 1955 septem
601 1870 748 1934 dialectis
764 1878 827 1934 test
814 1879 934 1934 tatum:
956 1867 1119 1933 Lesbiaco
1134 1868 1268 1954 praebet

154 1962 338 2052 καλήμενος
364 1977 395 2031 et
424 1969 560 2052 similia,
588 1968 752 2034 Arcadica
772 1961 989 2055 ἀδικήμενος,
1019 1966 1103 2031 Elea
1123 1960 1268 2052 andala}

153 2088 262 2148 μενος,
287 2066 462 2130 Homerica
482 2060 692 2155 ἅλιτήμενος,
722 2069 877 2132 Boeotica
897 2058 1120 2146 ἀδικείμενος,
1149 2065 1266 2153 Delph.

154 2178 186 2232 et
205 2168 300 2231 Locr.
321 2158 522 2245 καλείμειθς.
564 2169 638 2233 Ηοθ
659 2190 761 2253 genus
783 2170 829 2231 ita
845 2164 974 2230 Gelbke
987 2167 1140 2251 opinatur
1155 2177 1265 2230 ortum

155 2289 236 2349 esse,
257 2276 292 2330 ut
309 2265 328 2350 j
347 2265 517 2330 excidente
539 2267 738 2353 praecedens
760 2264 883 2332 vocalis
898 2264 1057 2350 producta
1077 2266 1129 2343 sit,
1153 2265 1264 2330 deinde

156 2389 228 2430 cum
251 2365 397 2450 sequenti
418 2364 587 2429 coaluerit:
610 2367 812 2453 pope-jeros,
844 2385 1028 2451 φορη-εναι,
1051 2367 1216 2451 popinae:
1237 2375 1265 2429 et

155 2464 301 2529 similiter
329 2459 580 2549 nole-jopevog,
613 2463 851 2548 καλη-ομενος,
883 2455 1069 2548 καλήμενος
1095 2473 1263 2552 ceteraque

156 2566 272 2629 omnia.
315 2561 415 2626 Recte
439 2563 525 2649 quod
553 2565 596 2629 ad
618 2564 824 2628 Homericum
855 2562 944 2627 istud
971 2564 1113 2642 attinet,
1128 2564 1186 2627 sed
1207 2587 1263 2626 κα-

138 2657 294 2744 'liparen
315 2685 334 2725 a
356 2658 574 2745 καλη-θμενιις
590 2664 750 2749 prodiisse
764 2663 838 2727 nolo
853 2663 995 2743 credere,
1017 2663 1159 2747 primum
1182 2663 1262 2750 quod

11 2791 13 2794 ·
62 2798 66 2804 ·
104 2757 109 2768 ’
154 2762 275 2828 nullum
299 2763 373 2826 novi
391 2761 579 2848 exemplum
601 2753 635 2826 in
656 2786 718 2850 quo
741 2786 799 2847 η-(ι
821 2765 854 2825 in
866 2760 896 2846 ἠ
918 2761 1129 2843 contrahitur,
1154 2772 1189 2826 at
1209 2784 1260 2848 po-

152 2863 216 2926 tius
237 2884 263 2923 ω
287 2861 423 2924 efficitur
445 2862 478 2924 in
500 2855 684 2945 vestreae,
711 2856 865 2936 νιόδθνος,
891 2859 1007 2924 deinde
1027 2860 1115 2945 quod
1134 2882 1260 2925 neeesse

154 2969 240 3024 esset
262 2960 357 3024 Locr.
379 2953 577 3040 καλείμενος
603 2961 644 3026 ab
674 2963 725 3026 his
747 2984 909 3048 separare.
951 2959 1103 3044 Denique
1124 2961 1190 3024 ista
1211 2983 1259 3024 ex·

154 3058 309 3146 planandi
323 3059 406 3123 ratio
419 3059 492 3123 ideo
506 3060 585 3124 mihi
599 3084 663 3125 non
675 3062 853 3141 satisfacit,
878 3058 964 3145 quod
984 3069 1112 3144 partem
1126 3067 1258 3124 tantum·

152 3155 251 3223 modo'
269 3157 431 3241 quandam
454 3157 605 3224 Aeolicae
629 3160 866 3248 conjugationis
889 3157 1016 3239 enodat,
1038 3178 1115 3220 nam
1139 3161 1209 3240 etsi,
1228 3168 1258 3220 nt

152 3258 237 3321 infra
260 3256 451 3339 videbimus,
474 3256 601 3323 Gelbke
624 3262 720 3324 etiam
752 3253 922 3332 ἄδικέντα,
947 3251 1117 3339 {optrivere
1137 3268 1169 3321 et
1189 3280 1257 3321 non·

151 3355 241 3420 nulla
263 3355 421 3441 ejusmodi
443 3380 501 3442 pro
517 3360 692 3422 contractis
708 3358 814 3441 habet,
835 3366 944 3420 tamen
961 3355 1130 3419 restabant
1143 3356 1257 3421 formae

151 3455 239 3519 hand
261 3476 386 3540 paucae
409 3478 489 3541 quas
512 3479 576 3520 non
599 3467 725 3544 poterat
741 3460 788 3522 ita
804 3455 981 3542 explicare,
1004 3477 1151 3541 quasque
1173 3463 1257 3542 putat

151 3560 237 3640 (pag
252 3558 304 3634 42)
326 3576 442 3618 revera
456 3555 587 3620 thomat'
565 3566 630 3620 tica
646 3557 752 3621 vocali
760 3578 893 3638 carere;
915 3553 1027 3641 quales
1044 3563 1118 3618 sunt
1131 3550 1255 3641 φίλημι,

28 3715 31 3722 ,
150 3646 485 3738 reinterpretando
528 3653 574 3718 At
595 3658 666 3741 quis
688 3679 751 3721 non
772 3659 878 3755 potius
902 3653 1044 3718 credett
998 3656 1129 3718 ttotius
1152 3656 1255 3720 verbo-

150 3775 222 3815 rum
244 3754 372 3837 generis
394 3776 489 3816 unam
513 3753 713 3839 eandemque
733 3759 889 3818 rationem
913 3751 1006 3817 esse?

189 3853 343 3916 Novae
371 3862 426 3916 aut
427 3875 476 3914 em
505 3862 601 3938 atque
628 3867 663 3916 nt
690 3853 767 3916 mihi
800 3853 888 3916 videt
876 3864 927 3916 tur
949 3853 1086 3917 verioris
1108 3853 1253 3939 explana·

149 3951 246 4017 tionis
279 3973 390 4014 ansam
423 3951 560 4037 praebet
590 3974 688 4036 quum
722 3955 796 4038 ipsa
829 3956 934 4016 forma
968 3946 1163 4032 καλείμενος
1194 3963 1251 4015 tum
