2836 4784
96 361 101 369 ·
154 338 194 402 46
692 328 755 383 Rau

151 500 246 566 Dem.
267 497 348 565 Mid.
370 520 442 585 oap.
463 504 511 564 21.
531 497 634 562 XXII
655 503 694 563 22
716 507 776 562 eto.
813 487 1116 578 διαλογίζεσθε
1137 495 1219 583 Lyo
1241 518 1267 561 ο.

59 603 62 607 ’
151 600 265 665 Leoor.
288 604 327 666 32
355 598 407 677 (of.
429 589 661 680 ουνελογίοοιτο
683 588 761 679 παρ’
785 589 874 679 αὐτῷ
903 594 1019 681 Polyb.
1041 595 1175 674 11198.)
1218 590 1268 658 ἔν-

152 700 322 779 &oparata
356 698 452 764 Dem.
477 697 556 763 Mid.
583 701 631 764 53.
676 697 830 760 σκοπεῖτε
854 695 899 760 id.
928 695 968 760 de
1001 697 1024 762 f.
1052 696 1114 783 leg;
1142 701 1192 762 29.
1220 701 1267 762 32.

154 798 316 879 Quoniam
336 791 525 881 παράσιτοι
547 796 661 861 dativo
683 796 898 883 compositum
920 817 962 859 ex
983 795 1092 860 multis
1125 795 1269 882 passivis

153 898 330 965 verborum
352 897 392 963 de
414 896 530 984 quibus
560 895 657 962 modo
688 894 927 982 disputavimus
959 894 1080 983 pendet
1106 895 1170 960 hoo
1197 893 1268 959 loco

156 999 326 1086 aptissime

658 1216 688 1294 s.
712 1219 761 1278 14.

152 1384 197 1449 de
219 1373 332 1464 παρά
360 1401 447 1443 oum
474 1376 618 1443 dativo
640 1369 825 1444 e'verbis
851 1378 1042 1464 passivis
1069 1397 1269 1463 suspenso

154 1600 309 1665 dicemus.
350 1595 395 1659 Et
411 1593 606 1680 ¹saepissime
629 1591 759 1679 quidem
781 1613 855 1658 oum
876 1593 1017 1679 passivis
1038 1591 1149 1658 verbis
1178 1591 1261 1657 iudi-

153 1698 250 1765 oandi
261 1687 355 1779 παρά
365 1693 588 1777 coniungitur:
601 1685 620 1756 ὁ
633 1688 669 1756 δὲ
681 1687 819 1778 ποιητὴς
829 1684 926 1756 οὐδὲν
942 1685 1060 1776 χείρων
1070 1687 1165 1776 παρὰ
1180 1691 1268 1755 τοῖσι

152 1796 274 1885 σοφοῖς
297 1789 488 1874 νενόμισται
516 1791 573 1858 Ar.
600 1792 700 1878 Vesp.
725 1797 814 1858 1049.
847 1792 987 1878 Lysistr.
1010 1799 1056 1859 10.
1082 1782 1178 1872 ,παρ’
1200 1782 1269 1853 Αἱ-

153 1889 322 1980 γαπτίοισι
342 1889 420 1955 Πὰν
439 1883 659 1974 ἀρχαιότατος
679 1879 860 1966 θεὸςεῖναι
880 1885 1048 1971 νομίζεται
1068 1890 1148 1956 Her.
1163 1891 1197 1954 Π
1213 1897 1268 1957 145

153 1998 197 2062 in.
220 1996 304 2063 Xen.
326 1994 423 2058 Mem.
443 1991 460 2055 I
482 1997 510 2058 6.
533 1995 580 2058 13.
601 1990 700 2077 Ages.
720 1989 793 2058 V6.
816 1990 973 2055 Dinaroh.
992 1990 1010 2054 I
1031 1996 1081 2058 66.
1100 1996 1152 2058 81.
1173 1991 1266 2055 Dem.

151 2097 186 2160 II
208 2103 236 2165 3.
259 2094 301 2160 de
323 2116 431 2159 coron.
457 2095 522 2159 181.
543 2091 721 2157 XXIX26.
742 2089 857 2154 XLIH
870 2097 918 2158 22.
940 2089 1055 2176 Polyb.
1076 2089 1125 2156 IV
1139 2097 1185 2156 17.
1208 2110 1267 2152 ττι-

153 2188 303 2259 στεύεται
323 2194 419 2260 Dem.
439 2191 525 2259 XXI
539 2198 565 2257 1.
587 2190 769 2257 XXVIII5
792 2199 850 2254 eto.
870 2188 987 2276 Polyb.
1008 2189 1095 2253 1119.
1118 2184 1268 2270 κέκριται

151 2294 275 2360 Herod.
297 2290 424 2375 Vn1o,
442 2299 467 2357 1.
488 2290 582 2355 Dem.
606 2288 708 2352 XXII
721 2293 772 2356 66.
792 2288 909 2353 XXIV
929 2293 996 2354 173.
1017 2289 1098 2375 Lyo.
1113 2310 1140 2355 o.
1153 2288 1266 2355 Leoer.

154 2399 222 2460 110.
246 2391 384 2457 Theoor.
405 2390 453 2454 VI
474 2393 522 2457 37.
542 2379 620 2470 παρ’
645 2384 780 2469 ἐχθροῖς
795 2380 1034 2469 εὐσεβέστατος
1054 2382 1187 2470 κριθείς
1205 2388 1268 2476 Ly·

153 2491 264 2580 oophr.
285 2489 380 2556 Cass.
393 2494 481 2558 1270,
502 2481 677 2566 δοξάζεται
700 2482 793 2572 παρά
815 2507 902 2551 τισιν
926 2483 1031 2564 οὕτως
1051 2483 1094 2563 ὡς
1115 2484 1221 2571 λέγων
1240 2512 1268 2551 τι

149 2586 310 2677 χρήσιμον
330 2590 468 2674 Dionys.
491 2608 570 2653 eom.
593 2585 756 2674 (MeimH
777 2592 849 2666 548)
870 2589 973 2650 ταῦτα
996 2580 1056 2651 οὐκ
1076 2581 1117 2652 ἂν
1139 2583 1191 2675 εἴη
1211 2584 1267 2672 μό-

153 2712 209 2755 νον
229 2681 308 2774 παρ’
329 2681 406 2770 ὑμῖν
428 2681 532 2762 οὕτως
558 2680 745 2767 ἐγνωσμένα
773 2678 847 2749 ἀλλ’
872 2697 930 2752 eto.
971 2686 1051 2773 Ly's.
1071 2689 1089 2753 I
1110 2695 1140 2755 2.
1173 2690 1267 2756 Dem.

151 2790 232 2855 Mid.
257 2812 330 2877 cap.
355 2785 540 2854 12.-XXIX
561 2791 591 2851 2.
633 2785 686 2850 De
707 2807 770 2872 quo
792 2809 852 2851 usu
880 2786 1074 2873 explicando
1102 2789 1184 2855 haec
1214 2790 1267 2855 ad·

153 2890 239 2955 dam.
269 2888 343 2969 Quo
366 2887 462 2953 modo
485 2885 684 2973 praepositio
706 2879 800 2966 παρά
822 2908 895 2951 oum
915 2887 1065 2972 genetivo
1087 2909 1105 2951 e
1126 2891 1267 2975 passivis

153 2988 298 3075 pendens
333 3009 510 3074 numquam
535 2987 608 3051 vioe
636 2986 887 3073 praepositionis
914 2979 981 3049 ὑπό
1016 3009 1090 3051 oum
1118 2990 1268 3073 genetivo

44 3118 47 3125 ·
152 3087 309 3172 fungitur,
332 3086 446 3151 eodem
468 3083 564 3150 modo
585 3105 660 3149 oum
682 3084 794 3150 dativo
817 3086 989 3151 coniuncta
1011 3085 1107 3150 etad
1135 3089 1268 3173 passiva

155 3185 307 3272 adposita
319 3183 455 3250 localem
475 3185 543 3247 vim
566 3192 685 3266 servat,
705 3184 864 3271 siquidem
885 3185 976 3251 locus
986 3185 1150 3250 indicatur
1166 3186 1224 3251 ubi
1234 3185 1268 3250 id

154 3283 241 3372 quod
252 3284 354 3350 verbo
377 3304 570 3370 expressum
592 3292 641 3349 est
656 3284 702 3350 fit.
723 3284 809 3348 Nam
830 3285 859 3348 si
879 3284 1017 3370 legimus
1040 3283 1129 3370 apud
1147 3284 1267 3350 Dinar-

154 3383 251 3450 ohum
272 3383 335 3462 (III
355 3389 407 3461 22)
430 3377 648 3446 ἐπαινεῖσθαι
667 3379 760 3467 παρὰ
782 3384 887 3447 πᾶσιν
911 3383 993 3448 haeo
1012 3382 1116 3448 verba
1137 3407 1204 3450 non
1227 3385 1268 3451 si-

158 3483 334 3570 gnificant:
362 3481 493 3547 laudari
513 3481 555 3547 ab
577 3482 735 3566 omnibus,
757 3484 815 3549 sed
835 3483 963 3550 laudari
985 3482 1074 3570 apud
1095 3506 1217 3567 omnes,
1238 3484 1267 3549 h.

156 3604 183 3648 e.
204 3573 366 3670 personae
386 3581 557 3646 laudantes
581 3592 656 3647 sunt
676 3585 771 3669 quasi
797 3583 887 3648 loeus
914 3582 971 3647 ubi
999 3583 1083 3647 sotio
1111 3581 1268 3649 laudandi

153 3680 199 3748 fit.
242 3680 345 3748 Vides
368 3682 466 3746 etiam
488 3681 651 3745 artissime
672 3681 756 3746 hano
785 3682 916 3747 dicendi
943 3684 1102 3747 rationem
1129 3705 1204 3748 oum
1229 3704 1267 3748 ea

155 3803 221 3868 qua
243 3803 317 3847 oum
338 3781 460 3847 verbis·
472 3779 641 3846 iudicandi
663 3781 867 3847 coniunctum
890 3791 939 3848 est
958 3775 1062 3867 παρά,
1083 3783 1266 3848 cohaerere.

153 3879 303 3967 Apparet
324 3890 448 3964 autem,
476 3882 544 3945 fere
566 3902 693 3967 semper
711 3881 848 3947 arbitrio
876 3883 1046 3970 scriptoris
1073 3885 1267 3969 permissum

155 4000 237 4063 esse,
259 3990 367 4047 utrum
388 3981 666 4069 praepositionem
687 4001 761 4046 oum
782 3983 932 4067 genetivo
953 4005 996 4048 an
1018 4005 1090 4047 oum
1102 3982 1214 4052 dativo
1226 4004 1266 4047 ex
