<?xml version="1.0" encoding="UTF-8"?>
<!DOCTYPE html PUBLIC "-//W3C//DTD XHTML 1.0 Transitional//EN"
    "http://www.w3.org/TR/xhtml1/DTD/xhtml1-transitional.dtd">
<html xmlns="http://www.w3.org/1999/xhtml" xml:lang="en" lang="en">
 <head>
  <title>
</title>
<meta http-equiv="Content-Type" content="text/html;charset=utf-8" />
  <meta name='ocr-system' content='tesseract 3.04.00' />
  <meta name='ocr-capabilities' content='ocr_page ocr_carea ocr_par ocr_line ocrx_word'/>
</head>
<body>
  <div class='ocr_page' id='page_1' title='image "./studienzurgriec03curtgoog/studienzurgriec03curtgoog_0056.png"; bbox 0 0 2836 4784; ppageno 0'>
   <div class='ocr_carea' id='block_1_1' title="bbox 441 347 1179 423">
    <p class='ocr_par' dir='ltr' id='par_1_1' title="bbox 441 347 1179 423">
     <span class='ocr_line' id='line_1_1' title="bbox 441 347 1179 423; baseline 0.015 -18"><span class='ocrx_word' id='word_1_1' title='bbox 441 351 475 406; x_wconf 85' lang='lat' dir='ltr'>de</span> <span class='ocrx_word' id='word_1_2' title='bbox 492 350 697 423; x_wconf 78' lang='lat' dir='ltr'><strong>praepositione</strong></span> <span class='ocrx_word' id='word_1_3' title='bbox 718 347 803 421; x_wconf 74' lang='grc' dir='ltr'><strong><em>παρά.</em></strong></span> <span class='ocrx_word' id='word_1_4' title='bbox 1006 370 1009 376; x_wconf 93' lang='grc'><strong><em>·</em></strong></span> <span class='ocrx_word' id='word_1_5' title='bbox 1138 355 1179 416; x_wconf 81' lang='lat'>47</span> 
     </span>
    </p>
   </div>
   <div class='ocr_carea' id='block_1_2' title="bbox 56 516 1281 3186">
    <p class='ocr_par' dir='ltr' id='par_1_2' title="bbox 62 516 1180 1498">
     <span class='ocr_line' id='line_1_2' title="bbox 66 516 1177 607; baseline -0.005 -23"><span class='ocrx_word' id='word_1_6' title='bbox 66 519 203 607; x_wconf 81' lang='lat' dir='ltr'>passivis</span> <span class='ocrx_word' id='word_1_7' title='bbox 231 539 425 603; x_wconf 81' lang='lat' dir='ltr'>suspensam</span> <span class='ocrx_word' id='word_1_8' title='bbox 454 517 570 600; x_wconf 86' lang='lat' dir='ltr'>faeiat,</span> <span class='ocrx_word' id='word_1_9' title='bbox 600 518 753 605; x_wconf 87' lang='lat' dir='ltr'>quoniam</span> <span class='ocrx_word' id='word_1_10' title='bbox 779 516 843 581; x_wconf 90' lang='lat' dir='ltr'>hoo</span> <span class='ocrx_word' id='word_1_11' title='bbox 871 516 904 580; x_wconf 94' lang='lat' dir='ltr'>in</span> <span class='ocrx_word' id='word_1_12' title='bbox 934 516 1058 580; x_wconf 87' lang='lat' dir='ltr'>ratione</span> <span class='ocrx_word' id='word_1_13' title='bbox 1089 516 1177 601; x_wconf 88' lang='lat' dir='ltr'>eogi-</span> 
     </span>
     <span class='ocr_line' id='line_1_3' title="bbox 66 610 1179 706; baseline -0.004 -22"><span class='ocrx_word' id='word_1_14' title='bbox 66 619 155 684; x_wconf 87' lang='lat' dir='ltr'>tandi</span> <span class='ocrx_word' id='word_1_15' title='bbox 176 619 319 706; x_wconf 90' lang='lat' dir='ltr'>positum</span> <span class='ocrx_word' id='word_1_16' title='bbox 342 625 406 690; x_wconf 83' lang='lat' dir='ltr'>est3</span> <span class='ocrx_word' id='word_1_17' title='bbox 428 626 629 704; x_wconf 88' lang='lat' dir='ltr'>quapropter</span> <span class='ocrx_word' id='word_1_18' title='bbox 650 610 896 699; x_wconf 72' lang='grc' dir='ltr'><em>ὁμολογεῖσθαι</em></span> <span class='ocrx_word' id='word_1_19' title='bbox 918 637 1016 702; x_wconf 80' lang='lat' dir='ltr'>saepe</span> <span class='ocrx_word' id='word_1_20' title='bbox 1037 637 1111 680; x_wconf 86' lang='lat' dir='ltr'>eum</span> <span class='ocrx_word' id='word_1_21' title='bbox 1124 636 1179 701; x_wconf 87' lang='lat' dir='ltr'>ge·</span> 
     </span>
     <span class='ocr_line' id='line_1_4' title="bbox 65 713 1180 803; baseline -0.004 -21"><span class='ocrx_word' id='word_1_22' title='bbox 65 721 185 800; x_wconf 88' lang='lat' dir='ltr'>netivo,</span> <span class='ocrx_word' id='word_1_23' title='bbox 207 737 450 803; x_wconf 84' lang='lat' dir='ltr'>nonnumquam</span> <span class='ocrx_word' id='word_1_24' title='bbox 474 716 572 780; x_wconf 87' lang='lat' dir='ltr'>etiam</span> <span class='ocrx_word' id='word_1_25' title='bbox 594 739 667 783; x_wconf 88' lang='lat' dir='ltr'>oum</span> <span class='ocrx_word' id='word_1_26' title='bbox 689 716 800 781; x_wconf 88' lang='lat' dir='ltr'>dativo</span> <span class='ocrx_word' id='word_1_27' title='bbox 824 715 1029 800; x_wconf 84' lang='lat' dir='ltr'>coniungitur</span> <span class='ocrx_word' id='word_1_28' title='bbox 1051 713 1139 779; x_wconf 93' lang='lat' dir='ltr'>velut</span> <span class='ocrx_word' id='word_1_29' title='bbox 1159 735 1180 778; x_wconf 86' lang='lat' dir='ltr'>a</span> 
     </span>
     <span class='ocr_line' id='line_1_5' title="bbox 64 813 1178 904; baseline -0.002 -23"><span class='ocrx_word' id='word_1_30' title='bbox 64 816 214 904; x_wconf 87' lang='lat' dir='ltr'>Xenoph.</span> <span class='ocrx_word' id='word_1_31' title='bbox 243 814 321 902; x_wconf 78' lang='lat' dir='ltr'>Cyn.</span> <span class='ocrx_word' id='word_1_32' title='bbox 356 815 373 877; x_wconf 95' lang='grc' dir='ltr'>Ι</span> <span class='ocrx_word' id='word_1_33' title='bbox 401 819 428 880; x_wconf 83' lang='grc'>3.</span> <span class='ocrx_word' id='word_1_34' title='bbox 453 821 499 883; x_wconf 89' lang='grc'>18.</span> <span class='ocrx_word' id='word_1_35' title='bbox 534 816 634 882; x_wconf 87' lang='lat' dir='ltr'>Isoor.</span> <span class='ocrx_word' id='word_1_36' title='bbox 656 816 724 880; x_wconf 91' lang='lat' dir='ltr'>XII</span> <span class='ocrx_word' id='word_1_37' title='bbox 743 822 813 883; x_wconf 86' lang='grc'><strong>260.</strong></span> <span class='ocrx_word' id='word_1_38' title='bbox 836 815 916 901; x_wconf 85' lang='lat' dir='ltr'>Lye.</span> <span class='ocrx_word' id='word_1_39' title='bbox 944 836 972 878; x_wconf 88' lang='lat' dir='ltr'>c.</span> <span class='ocrx_word' id='word_1_40' title='bbox 993 813 1106 878; x_wconf 90' lang='lat' dir='ltr'>Leoor.</span> <span class='ocrx_word' id='word_1_41' title='bbox 1131 818 1178 879; x_wconf 89' lang='lat'>12.</span> 
     </span>
     <span class='ocr_line' id='line_1_6' title="bbox 63 912 1179 1002; baseline -0.003 -22"><span class='ocrx_word' id='word_1_42' title='bbox 63 914 302 996; x_wconf 83' lang='lat' dir='ltr'>DemVII18,</span> <span class='ocrx_word' id='word_1_43' title='bbox 320 918 368 979; x_wconf 82' lang='grc'>19.</span> <span class='ocrx_word' id='word_1_44' title='bbox 389 912 500 979; x_wconf 86' lang='lat' dir='ltr'>XLIV</span> <span class='ocrx_word' id='word_1_45' title='bbox 514 921 553 983; x_wconf 87' lang='grc'>56</span> <span class='ocrx_word' id='word_1_46' title='bbox 570 925 630 981; x_wconf 89' lang='lat' dir='ltr'>ete.</span> <span class='ocrx_word' id='word_1_47' title='bbox 651 915 767 1002; x_wconf 86' lang='lat' dir='ltr'>Polyb.</span> <span class='ocrx_word' id='word_1_48' title='bbox 778 914 833 978; x_wconf 90' lang='lat' dir='ltr'>HI·</span> <span class='ocrx_word' id='word_1_49' title='bbox 842 920 881 981; x_wconf 86' lang='lat'>30</span> <span class='ocrx_word' id='word_1_50' title='bbox 904 921 962 977; x_wconf 89' lang='lat' dir='ltr'>ete.</span> <span class='ocrx_word' id='word_1_51' title='bbox 983 912 1071 1000; x_wconf 90' lang='lat' dir='ltr'>quod</span> <span class='ocrx_word' id='word_1_52' title='bbox 1091 912 1179 977; x_wconf 88' lang='lat' dir='ltr'>idem</span> 
     </span>
     <span class='ocr_line' id='line_1_7' title="bbox 64 1007 1177 1102; baseline -0.004 -22"><span class='ocrx_word' id='word_1_53' title='bbox 64 1015 151 1080; x_wconf 86' lang='lat' dir='ltr'>eadit</span> <span class='ocrx_word' id='word_1_54' title='bbox 178 1015 212 1079; x_wconf 92' lang='lat' dir='ltr'>in</span> <span class='ocrx_word' id='word_1_55' title='bbox 239 1012 376 1078; x_wconf 86' lang='lat' dir='ltr'>verbum</span> <span class='ocrx_word' id='word_1_56' title='bbox 404 1007 573 1095; x_wconf 80' lang='grc' dir='ltr'><strong><em>λέγεσθαι.</em></strong></span> <span class='ocrx_word' id='word_1_57' title='bbox 600 1014 684 1080; x_wconf 82' lang='grc' dir='ltr'><strong>Ρ1ε1.</strong></span> <span class='ocrx_word' id='word_1_58' title='bbox 711 1015 795 1079; x_wconf 87' lang='lat' dir='ltr'>Tim.</span> <span class='ocrx_word' id='word_1_59' title='bbox 825 1017 945 1080; x_wconf 83' lang='lat'><strong>2223.</strong></span> <span class='ocrx_word' id='word_1_60' title='bbox 975 1011 1080 1102; x_wconf 70' lang='lat' dir='ltr'>leg.I</span> <span class='ocrx_word' id='word_1_61' title='bbox 1107 1016 1177 1079; x_wconf 86' lang='grc'><strong>624.</strong></span> 
     </span>
     <span class='ocr_line' id='line_1_8' title="bbox 63 1100 1178 1200; baseline -0.005 -22"><span class='ocrx_word' id='word_1_62' title='bbox 63 1114 157 1179; x_wconf 88' lang='lat' dir='ltr'>Dem.</span> <span class='ocrx_word' id='word_1_63' title='bbox 181 1111 264 1178; x_wconf 88' lang='lat' dir='ltr'>VIII</span> <span class='ocrx_word' id='word_1_64' title='bbox 283 1118 312 1177; x_wconf 90' lang='grc'>4.</span> <span class='ocrx_word' id='word_1_65' title='bbox 350 1100 372 1172; x_wconf 69' lang='grc' dir='ltr'>δι’</span> <span class='ocrx_word' id='word_1_66' title='bbox 395 1108 434 1197; x_wconf 74' lang='grc' dir='ltr'>δὴ</span> <span class='ocrx_word' id='word_1_67' title='bbox 456 1108 681 1196; x_wconf 72' lang='grc' dir='ltr'><strong><em>κατέγνωσται</em></strong></span> <span class='ocrx_word' id='word_1_68' title='bbox 702 1108 763 1195; x_wconf 80' lang='grc' dir='ltr'>μὲν</span> <span class='ocrx_word' id='word_1_69' title='bbox 783 1109 875 1196; x_wconf 87' lang='grc' dir='ltr'><strong><em>παρὰ</em></strong></span> <span class='ocrx_word' id='word_1_70' title='bbox 898 1114 948 1200; x_wconf 75' lang='grc' dir='ltr'>τῷ</span> <span class='ocrx_word' id='word_1_71' title='bbox 976 1102 1178 1193; x_wconf 78' lang='grc' dir='ltr'><strong><em>δικαιοτάτῳ</em></strong></span> 
     </span>
     <span class='ocr_line' id='line_1_9' title="bbox 64 1202 1179 1300; baseline -0.004 -25"><span class='ocrx_word' id='word_1_72' title='bbox 64 1205 234 1296; x_wconf 81' lang='grc' dir='ltr'><strong><em>συνεδρίῳ,</em></strong></span> <span class='ocrx_word' id='word_1_73' title='bbox 260 1205 505 1297; x_wconf 73' lang='grc' dir='ltr'><strong><em>κατεψήφισται</em></strong></span> <span class='ocrx_word' id='word_1_74' title='bbox 528 1208 565 1276; x_wconf 75' lang='grc' dir='ltr'>δὲ</span> <span class='ocrx_word' id='word_1_75' title='bbox 585 1206 641 1300; x_wconf 56' lang='grc' dir='ltr'>ὑφ)</span> <span class='ocrx_word' id='word_1_76' title='bbox 673 1207 765 1295; x_wconf 77' lang='grc' dir='ltr'><strong><em>ὑμῶν</em></strong></span> <span class='ocrx_word' id='word_1_77' title='bbox 790 1215 856 1275; x_wconf 85' lang='grc' dir='ltr'>τῶν</span> <span class='ocrx_word' id='word_1_78' title='bbox 885 1204 1034 1288; x_wconf 77' lang='grc' dir='ltr'><strong><em>δικάζειν</em></strong></span> <span class='ocrx_word' id='word_1_79' title='bbox 1060 1202 1179 1288; x_wconf 89' lang='grc' dir='ltr'><strong><em>λαχόν-</em></strong></span> 
     </span>
     <span class='ocr_line' id='line_1_10' title="bbox 62 1303 1178 1399; baseline -0.004 -25"><span class='ocrx_word' id='word_1_80' title='bbox 62 1334 142 1390; x_wconf 85' lang='grc' dir='ltr'><strong><em>των,</em></strong></span> <span class='ocrx_word' id='word_1_81' title='bbox 168 1305 384 1393; x_wconf 73' lang='grc' dir='ltr'><strong><em>ὁμολογεῖται</em></strong></span> <span class='ocrx_word' id='word_1_82' title='bbox 406 1306 442 1375; x_wconf 79' lang='grc' dir='ltr'><em>δὲ</em></span> <span class='ocrx_word' id='word_1_83' title='bbox 462 1309 556 1394; x_wconf 91' lang='grc' dir='ltr'><strong><em>παρὰ</em></strong></span> <span class='ocrx_word' id='word_1_84' title='bbox 577 1314 624 1396; x_wconf 81' lang='grc' dir='ltr'>τῷ</span> <span class='ocrx_word' id='word_1_85' title='bbox 648 1307 741 1399; x_wconf 78' lang='grc' dir='ltr'><strong><em>δήμω</em></strong></span> <span class='ocrx_word' id='word_1_86' title='bbox 763 1349 801 1360; x_wconf 92' lang='grc'>-</span> <span class='ocrx_word' id='word_1_87' title='bbox 823 1305 954 1387; x_wconf 79' lang='grc' dir='ltr'><strong><em>τούτοις</em></strong></span> <span class='ocrx_word' id='word_1_88' title='bbox 975 1303 1068 1391; x_wconf 79' lang='grc' dir='ltr'><strong><em>ὑμεῖς</em></strong></span> <span class='ocrx_word' id='word_1_89' title='bbox 1089 1304 1178 1372; x_wconf 81' lang='grc' dir='ltr'><strong><em>ἐναν-</em></strong></span> 
     </span>
     <span class='ocr_line' id='line_1_11' title="bbox 66 1405 709 1498; baseline 0.011 -24"><span class='ocrx_word' id='word_1_90' title='bbox 66 1405 121 1474; x_wconf 86' lang='grc' dir='ltr'>τιά</span> <span class='ocrx_word' id='word_1_91' title='bbox 142 1411 337 1498; x_wconf 82' lang='grc' dir='ltr'><strong><em>ψηφιεῖσθε</em></strong></span> <span class='ocrx_word' id='word_1_92' title='bbox 366 1411 447 1498; x_wconf 86' lang='lat' dir='ltr'>Lye.</span> <span class='ocrx_word' id='word_1_93' title='bbox 472 1435 498 1478; x_wconf 84' lang='lat' dir='ltr'>e.</span> <span class='ocrx_word' id='word_1_94' title='bbox 520 1413 636 1479; x_wconf 89' lang='lat' dir='ltr'>Leoor.</span> <span class='ocrx_word' id='word_1_95' title='bbox 660 1419 709 1481; x_wconf 88' lang='grc'>54.</span> 
     </span>
    </p>

    <p class='ocr_par' dir='ltr' id='par_1_3' title="bbox 56 1508 1281 2278">
     <span class='ocr_line' id='line_1_12' title="bbox 147 1508 1177 1599; baseline -0.004 -23"><span class='ocrx_word' id='word_1_96' title='bbox 147 1510 216 1576; x_wconf 86' lang='lat' dir='ltr'>Sed</span> <span class='ocrx_word' id='word_1_97' title='bbox 239 1511 410 1576; x_wconf 83' lang='lat' dir='ltr'>artissimis</span> <span class='ocrx_word' id='word_1_98' title='bbox 434 1511 554 1577; x_wconf 87' lang='lat' dir='ltr'>finibus</span> <span class='ocrx_word' id='word_1_99' title='bbox 580 1536 659 1578; x_wconf 91' lang='lat' dir='ltr'>usus</span> <span class='ocrx_word' id='word_1_100' title='bbox 681 1511 932 1599; x_wconf 83' lang='lat' dir='ltr'>praepositionis</span> <span class='ocrx_word' id='word_1_101' title='bbox 966 1532 1038 1575; x_wconf 89' lang='lat' dir='ltr'>oum</span> <span class='ocrx_word' id='word_1_102' title='bbox 1066 1508 1177 1573; x_wconf 87' lang='lat' dir='ltr'>dativo</span> 
     </span>
     <span class='ocr_line' id='line_1_13' title="bbox 64 1609 1281 1699; baseline -0.006 -21"><span class='ocrx_word' id='word_1_103' title='bbox 64 1611 240 1699; x_wconf 87' lang='lat' dir='ltr'>epassivis</span> <span class='ocrx_word' id='word_1_104' title='bbox 254 1609 425 1696; x_wconf 88' lang='lat' dir='ltr'>pendentis</span> <span class='ocrx_word' id='word_1_105' title='bbox 440 1612 703 1699; x_wconf 80' lang='lat' dir='ltr'>circumscriptus</span> <span class='ocrx_word' id='word_1_106' title='bbox 725 1621 783 1694; x_wconf 84' lang='lat' dir='ltr'>est,</span> <span class='ocrx_word' id='word_1_107' title='bbox 804 1632 909 1697; x_wconf 89' lang='lat' dir='ltr'>neque</span> <span class='ocrx_word' id='word_1_108' title='bbox 930 1611 1092 1697; x_wconf 86' lang='lat' dir='ltr'>reperitur</span> <span class='ocrx_word' id='word_1_109' title='bbox 1113 1609 1178 1672; x_wconf 88' lang='lat' dir='ltr'>nisi</span> <span class='ocrx_word' id='word_1_110' title='bbox 1277 1635 1281 1642; x_wconf 88' lang='lat'><strong>·</strong></span> 
     </span>
     <span class='ocr_line' id='line_1_14' title="bbox 62 1707 1179 1800; baseline -0.004 -23"><span class='ocrx_word' id='word_1_111' title='bbox 62 1711 151 1800; x_wconf 90' lang='lat' dir='ltr'>apud</span> <span class='ocrx_word' id='word_1_112' title='bbox 174 1731 342 1798; x_wconf 80' lang='lat' dir='ltr'>perpauca</span> <span class='ocrx_word' id='word_1_113' title='bbox 360 1708 463 1774; x_wconf 85' lang='lat' dir='ltr'>verba</span> <span class='ocrx_word' id='word_1_114' title='bbox 484 1711 651 1776; x_wconf 81' lang='lat' dir='ltr'>iudicandi</span> <span class='ocrx_word' id='word_1_115' title='bbox 676 1719 707 1776; x_wconf 91' lang='lat' dir='ltr'>et</span> <span class='ocrx_word' id='word_1_116' title='bbox 739 1709 876 1775; x_wconf 87' lang='lat' dir='ltr'>dioendi.</span> <span class='ocrx_word' id='word_1_117' title='bbox 918 1710 973 1774; x_wconf 84' lang='lat' dir='ltr'>Ex</span> <span class='ocrx_word' id='word_1_118' title='bbox 995 1707 1179 1774; x_wconf 84' lang='lat' dir='ltr'>Atticorum</span> 
     </span>
     <span class='ocr_line' id='line_1_15' title="bbox 61 1805 1179 1899; baseline -0.005 -22"><span class='ocrx_word' id='word_1_119' title='bbox 61 1813 195 1899; x_wconf 87' lang='lat' dir='ltr'>seriptis</span> <span class='ocrx_word' id='word_1_120' title='bbox 218 1809 327 1874; x_wconf 86' lang='lat' dir='ltr'>afferri</span> <span class='ocrx_word' id='word_1_121' title='bbox 349 1819 487 1896; x_wconf 91' lang='lat' dir='ltr'>possunt</span> <span class='ocrx_word' id='word_1_122' title='bbox 508 1810 589 1876; x_wconf 89' lang='lat' dir='ltr'>haee</span> <span class='ocrx_word' id='word_1_123' title='bbox 610 1809 774 1897; x_wconf 85' lang='lat' dir='ltr'>exempla:</span> <span class='ocrx_word' id='word_1_124' title='bbox 794 1811 945 1890; x_wconf 82' lang='grc' dir='ltr'><strong><em>τιμῶμαι</em></strong></span> <span class='ocrx_word' id='word_1_125' title='bbox 964 1805 1057 1891; x_wconf 86' lang='grc' dir='ltr'><strong><em>παρὰ</em></strong></span> <span class='ocrx_word' id='word_1_126' title='bbox 1080 1807 1179 1881; x_wconf 85' lang='grc' dir='ltr'><strong><em>θεοῖς</em></strong></span> 
     </span>
     <span class='ocr_line' id='line_1_16' title="bbox 59 1900 1178 1996; baseline -0.008 -19"><span class='ocrx_word' id='word_1_127' title='bbox 59 1921 120 1978; x_wconf 89' lang='lat' dir='ltr'>ete.</span> <span class='ocrx_word' id='word_1_128' title='bbox 160 1910 246 1974; x_wconf 89' lang='lat' dir='ltr'>Xen.</span> <span class='ocrx_word' id='word_1_129' title='bbox 270 1908 366 1973; x_wconf 89' lang='lat' dir='ltr'>Mem.</span> <span class='ocrx_word' id='word_1_130' title='bbox 388 1908 421 1972; x_wconf 94' lang='grc' dir='ltr'><strong><em>Π</em></strong></span> <span class='ocrx_word' id='word_1_131' title='bbox 448 1916 475 1975; x_wconf 94' lang='grc'>1.</span> <span class='ocrx_word' id='word_1_132' title='bbox 497 1915 537 1977; x_wconf 88' lang='grc'>32</span> <span class='ocrx_word' id='word_1_133' title='bbox 567 1911 611 1976; x_wconf 86' lang='grc' dir='ltr'>εδ</span> <span class='ocrx_word' id='word_1_134' title='bbox 640 1909 808 1996; x_wconf 86' lang='lat' dir='ltr'>exemplar</span> <span class='ocrx_word' id='word_1_135' title='bbox 837 1908 1036 1973; x_wconf 86' lang='lat' dir='ltr'>locutionum</span> <span class='ocrx_word' id='word_1_136' title='bbox 1065 1900 1178 1987; x_wconf 82' lang='grc' dir='ltr'><strong><em>τίμιον</em></strong></span> 
     </span>
     <span class='ocr_line' id='line_1_17' title="bbox 59 1999 1177 2094; baseline -0.004 -20"><span class='ocrx_word' id='word_1_137' title='bbox 59 2001 165 2088; x_wconf 82' lang='grc' dir='ltr'><strong><em>εἶναι,</em></strong></span> <span class='ocrx_word' id='word_1_138' title='bbox 204 2002 305 2086; x_wconf 86' lang='grc' dir='ltr'><strong><em>δόξαν</em></strong></span> <span class='ocrx_word' id='word_1_139' title='bbox 333 2000 420 2085; x_wconf 75' lang='grc' dir='ltr'><strong><em>ἔχειν</em></strong></span> <span class='ocrx_word' id='word_1_140' title='bbox 448 2009 541 2075; x_wconf 92' lang='lat' dir='ltr'>simil.</span> <span class='ocrx_word' id='word_1_141' title='bbox 568 2009 707 2093; x_wconf 80' lang='lat' dir='ltr'>dietum3</span> <span class='ocrx_word' id='word_1_142' title='bbox 740 2010 817 2074; x_wconf 87' lang='lat' dir='ltr'>item</span> <span class='ocrx_word' id='word_1_143' title='bbox 839 1999 1047 2094; x_wconf 80' lang='grc' dir='ltr'><strong><em>ἠτιμωμένος</em></strong></span> <span class='ocrx_word' id='word_1_144' title='bbox 1077 2005 1177 2070; x_wconf 89' lang='lat' dir='ltr'>Isoer.</span> 
     </span>
     <span class='ocr_line' id='line_1_18' title="bbox 56 2094 1176 2193; baseline -0.005 -17"><span class='ocrx_word' id='word_1_145' title='bbox 56 2111 142 2177; x_wconf 90' lang='lat' dir='ltr'>XVI</span> <span class='ocrx_word' id='word_1_146' title='bbox 171 2114 221 2178; x_wconf 87' lang='grc'>47.</span> <span class='ocrx_word' id='word_1_147' title='bbox 262 2103 355 2190; x_wconf 88' lang='grc' dir='ltr'><strong><em>παρὰ</em></strong></span> <span class='ocrx_word' id='word_1_148' title='bbox 383 2108 490 2171; x_wconf 82' lang='grc' dir='ltr'><strong><em>πᾶσιν</em></strong></span> <span class='ocrx_word' id='word_1_149' title='bbox 524 2101 721 2193; x_wconf 79' lang='grc' dir='ltr'><strong><em>ἀνθρώποις</em></strong></span> <span class='ocrx_word' id='word_1_150' title='bbox 750 2094 955 2193; x_wconf 72' lang='grc' dir='ltr'><strong><em>ἀγαπᾶσθαι</em></strong></span> <span class='ocrx_word' id='word_1_151' title='bbox 981 2104 1025 2170; x_wconf 91' lang='lat' dir='ltr'>ib.</span> <span class='ocrx_word' id='word_1_152' title='bbox 1051 2101 1100 2168; x_wconf 90' lang='lat' dir='ltr'>IV</span> <span class='ocrx_word' id='word_1_153' title='bbox 1128 2109 1176 2170; x_wconf 88' lang='grc'>46.</span> 
     </span>
     <span class='ocr_line' id='line_1_19' title="bbox 56 2206 481 2278; baseline -0.009 -3"><span class='ocrx_word' id='word_1_154' title='bbox 56 2210 109 2275; x_wconf 90' lang='lat' dir='ltr'>XI</span> <span class='ocrx_word' id='word_1_155' title='bbox 129 2216 149 2278; x_wconf 89' lang='lat'><strong>6</strong></span> <span class='ocrx_word' id='word_1_156' title='bbox 172 2207 233 2273; x_wconf 89' lang='lat' dir='ltr'>bis.</span> <span class='ocrx_word' id='word_1_157' title='bbox 253 2206 339 2272; x_wconf 91' lang='lat' dir='ltr'>Plut.</span> <span class='ocrx_word' id='word_1_158' title='bbox 360 2212 421 2273; x_wconf 82' lang='lat'>959</span> <span class='ocrx_word' id='word_1_159' title='bbox 444 2206 481 2273; x_wconf 79' lang='lat' dir='ltr'>O.</span> 
     </span>
    </p>

    <p class='ocr_par' dir='ltr' id='par_1_4' title="bbox 59 2299 1261 3186">
     <span class='ocr_line' id='line_1_20' title="bbox 141 2299 1179 2394; baseline -0.01 -20"><span class='ocrx_word' id='word_1_160' title='bbox 141 2307 372 2374; x_wconf 87' lang='lat' dir='ltr'>Reoentiorum</span> <span class='ocrx_word' id='word_1_161' title='bbox 394 2309 591 2394; x_wconf 81' lang='lat' dir='ltr'>scriptorum</span> <span class='ocrx_word' id='word_1_162' title='bbox 613 2308 695 2374; x_wconf 88' lang='lat' dir='ltr'>haee</span> <span class='ocrx_word' id='word_1_163' title='bbox 715 2317 790 2373; x_wconf 91' lang='lat' dir='ltr'>sunt</span> <span class='ocrx_word' id='word_1_164' title='bbox 817 2305 976 2392; x_wconf 87' lang='lat' dir='ltr'>exempla.</span> <span class='ocrx_word' id='word_1_165' title='bbox 1009 2299 1179 2366; x_wconf 75' lang='grc' dir='ltr'><strong><em>ἐλεεῖσθαι</em></strong></span> 
     </span>
     <span class='ocr_line' id='line_1_21' title="bbox 59 2397 1178 2493; baseline -0.003 -22"><span class='ocrx_word' id='word_1_166' title='bbox 59 2404 149 2491; x_wconf 86' lang='grc' dir='ltr'><strong><em>παρὰ</em></strong></span> <span class='ocrx_word' id='word_1_167' title='bbox 172 2408 280 2470; x_wconf 85' lang='grc' dir='ltr'><strong><em>πᾶσιν</em></strong></span> <span class='ocrx_word' id='word_1_168' title='bbox 301 2405 448 2493; x_wconf 87' lang='lat' dir='ltr'>Aleiphr.</span> <span class='ocrx_word' id='word_1_169' title='bbox 470 2408 487 2471; x_wconf 95' lang='lat' dir='ltr'>I</span> <span class='ocrx_word' id='word_1_170' title='bbox 509 2413 558 2492; x_wconf 86' lang='lat'>35,</span> <span class='ocrx_word' id='word_1_171' title='bbox 578 2415 606 2475; x_wconf 89' lang='lat'>2.</span> <span class='ocrx_word' id='word_1_172' title='bbox 628 2399 810 2490; x_wconf 81' lang='grc' dir='ltr'><strong><em>μεμῖσησαι</em></strong></span> <span class='ocrx_word' id='word_1_173' title='bbox 829 2397 904 2489; x_wconf 75' lang='grc' dir='ltr'><strong><em>παρ’</em></strong></span> <span class='ocrx_word' id='word_1_174' title='bbox 929 2398 1005 2492; x_wconf 73' lang='grc' dir='ltr'><strong><em>ἡμῖν</em></strong></span> <span class='ocrx_word' id='word_1_175' title='bbox 1026 2402 1071 2467; x_wconf 89' lang='lat' dir='ltr'>id.</span> <span class='ocrx_word' id='word_1_176' title='bbox 1092 2402 1107 2466; x_wconf 91' lang='lat' dir='ltr'>I</span> <span class='ocrx_word' id='word_1_177' title='bbox 1129 2408 1178 2481; x_wconf 81' lang='lat'>32,</span> 
     </span>
     <span class='ocr_line' id='line_1_22' title="bbox 64 2501 1178 2596; baseline -0.008 -22"><span class='ocrx_word' id='word_1_178' title='bbox 64 2514 92 2575; x_wconf 80' lang='lat'>3.</span> <span class='ocrx_word' id='word_1_179' title='bbox 106 2507 193 2596; x_wconf 90' lang='lat' dir='ltr'>apud</span> <span class='ocrx_word' id='word_1_180' title='bbox 205 2505 382 2592; x_wconf 75' lang='lat' dir='ltr'>Polybium</span> <span class='ocrx_word' id='word_1_181' title='bbox 400 2509 589 2594; x_wconf 85' lang='lat' dir='ltr'>saepissime</span> <span class='ocrx_word' id='word_1_182' title='bbox 607 2530 625 2572; x_wconf 93' lang='lat' dir='ltr'>e</span> <span class='ocrx_word' id='word_1_183' title='bbox 638 2506 750 2572; x_wconf 87' lang='lat' dir='ltr'>verbis</span> <span class='ocrx_word' id='word_1_184' title='bbox 765 2505 963 2581; x_wconf 89' lang='lat' dir='ltr'>nominandi,</span> <span class='ocrx_word' id='word_1_185' title='bbox 988 2501 1178 2590; x_wconf 84' lang='lat' dir='ltr'>appellandi</span> 
     </span>
     <span class='ocr_line' id='line_1_23' title="bbox 64 2595 1179 2696; baseline -0.006 -27"><span class='ocrx_word' id='word_1_186' title='bbox 64 2602 151 2692; x_wconf 85' lang='grc' dir='ltr'><strong><em>παρά</em></strong></span> <span class='ocrx_word' id='word_1_187' title='bbox 172 2606 297 2696; x_wconf 86' lang='lat' dir='ltr'>pendet</span> <span class='ocrx_word' id='word_1_188' title='bbox 316 2595 405 2671; x_wconf 80' lang='lat' dir='ltr'>vehit</span> <span class='ocrx_word' id='word_1_189' title='bbox 431 2603 521 2692; x_wconf 83' lang='grc' dir='ltr'><strong><em>παρὰ</em></strong></span> <span class='ocrx_word' id='word_1_190' title='bbox 543 2607 614 2683; x_wconf 84' lang='grc' dir='ltr'><strong><em>τοῖς</em></strong></span> <span class='ocrx_word' id='word_1_191' title='bbox 635 2599 804 2689; x_wconf 79' lang='grc' dir='ltr'><strong><em>ἐγχωρίοις</em></strong></span> <span class='ocrx_word' id='word_1_192' title='bbox 830 2599 849 2669; x_wconf 84' lang='grc' dir='ltr'>ὁ</span> <span class='ocrx_word' id='word_1_193' title='bbox 870 2599 1022 2685; x_wconf 89' lang='grc' dir='ltr'><strong><em>ποταμὸς</em></strong></span> <span class='ocrx_word' id='word_1_194' title='bbox 1050 2623 1179 2686; x_wconf 87' lang='grc' dir='ltr'><strong><em>προςα-</em></strong></span> 
     </span>
     <span class='ocr_line' id='line_1_24' title="bbox 61 2692 1178 2790; baseline -0.008 -19"><span class='ocrx_word' id='word_1_195' title='bbox 61 2701 232 2790; x_wconf 80' lang='grc' dir='ltr'><strong><em>γορεύεται</em></strong></span> <span class='ocrx_word' id='word_1_196' title='bbox 255 2697 425 2788; x_wconf 87' lang='grc' dir='ltr'><strong><em>Βόδεγκσς</em></strong></span> <span class='ocrx_word' id='word_1_197' title='bbox 442 2706 478 2770; x_wconf 90' lang='grc' dir='ltr'><strong><em>Π</em></strong></span> <span class='ocrx_word' id='word_1_198' title='bbox 502 2713 538 2773; x_wconf 90' lang='grc'>16</span> <span class='ocrx_word' id='word_1_199' title='bbox 562 2706 626 2773; x_wconf 82' lang='lat' dir='ltr'>af.</span> <span class='ocrx_word' id='word_1_200' title='bbox 668 2699 686 2770; x_wconf 86' lang='grc' dir='ltr'><strong><em>δ</em></strong></span> <span class='ocrx_word' id='word_1_201' title='bbox 708 2701 801 2789; x_wconf 89' lang='grc' dir='ltr'><strong><em>παρὰ</em></strong></span> <span class='ocrx_word' id='word_1_202' title='bbox 822 2705 892 2781; x_wconf 86' lang='grc' dir='ltr'><strong><em>τοῖς</em></strong></span> <span class='ocrx_word' id='word_1_203' title='bbox 912 2699 1055 2776; x_wconf 89' lang='grc' dir='ltr'><strong><em>πολλοῖς</em></strong></span> <span class='ocrx_word' id='word_1_204' title='bbox 1082 2692 1178 2782; x_wconf 88' lang='grc' dir='ltr'><strong><em>λεγό-</em></strong></span> 
     </span>
     <span class='ocr_line' id='line_1_25' title="bbox 60 2796 1178 2890; baseline -0.004 -20"><span class='ocrx_word' id='word_1_205' title='bbox 60 2827 158 2885; x_wconf 84' lang='grc' dir='ltr'><strong><em>μενος</em></strong></span> <span class='ocrx_word' id='word_1_206' title='bbox 178 2796 348 2886; x_wconf 86' lang='grc' dir='ltr'><strong><em>(κληθείς,</em></strong></span> <span class='ocrx_word' id='word_1_207' title='bbox 374 2799 712 2890; x_wconf 85' lang='grc' dir='ltr'><strong><em>προσαγορευόμενος)</em></strong></span> <span class='ocrx_word' id='word_1_208' title='bbox 731 2803 884 2886; x_wconf 85' lang='grc' dir='ltr'><strong><em>πόλεμος</em></strong></span> <span class='ocrx_word' id='word_1_209' title='bbox 903 2803 920 2867; x_wconf 91' lang='grc' dir='ltr'>Ι</span> <span class='ocrx_word' id='word_1_210' title='bbox 942 2807 990 2868; x_wconf 92' lang='grc'>65.</span> <span class='ocrx_word' id='word_1_211' title='bbox 1013 2806 1063 2868; x_wconf 89' lang='lat'>82.</span> <span class='ocrx_word' id='word_1_212' title='bbox 1083 2798 1116 2862; x_wconf 94' lang='grc' dir='ltr'><strong><em>Π</em></strong></span> <span class='ocrx_word' id='word_1_213' title='bbox 1141 2805 1178 2865; x_wconf 86' lang='grc'>13</span> 
     </span>
     <span class='ocr_line' id='line_1_26' title="bbox 63 2888 1175 2991; baseline -0.01 -21"><span class='ocrx_word' id='word_1_214' title='bbox 63 2903 118 2972; x_wconf 88' lang='lat' dir='ltr'>bis.</span> <span class='ocrx_word' id='word_1_215' title='bbox 142 2911 193 2974; x_wconf 83' lang='lat'>37.</span> <span class='ocrx_word' id='word_1_216' title='bbox 212 2905 265 2969; x_wconf 94' lang='lat' dir='ltr'>III</span> <span class='ocrx_word' id='word_1_217' title='bbox 286 2911 305 2973; x_wconf 91' lang='lat'><strong>6</strong></span> <span class='ocrx_word' id='word_1_218' title='bbox 333 2914 392 2971; x_wconf 85' lang='lat' dir='ltr'>eto.</span> <span class='ocrx_word' id='word_1_219' title='bbox 415 2914 473 2970; x_wconf 86' lang='lat' dir='ltr'>ete.</span> <span class='ocrx_word' id='word_1_220' title='bbox 517 2897 672 2991; x_wconf 84' lang='grc' dir='ltr'><strong><em>ὀμφαλὸς</em></strong></span> <span class='ocrx_word' id='word_1_221' title='bbox 697 2897 819 2980; x_wconf 83' lang='grc' dir='ltr'><strong><em>θοίνας</em></strong></span> <span class='ocrx_word' id='word_1_222' title='bbox 848 2901 995 2973; x_wconf 89' lang='grc' dir='ltr'><strong><em>καλεῖται</em></strong></span> <span class='ocrx_word' id='word_1_223' title='bbox 1023 2892 1118 2980; x_wconf 85' lang='grc' dir='ltr'><strong><em>παρά</em></strong></span> <span class='ocrx_word' id='word_1_224' title='bbox 1149 2888 1175 2980; x_wconf 79' lang='grc' dir='ltr'>γ’</span> 
     </span>
     <span class='ocr_line' id='line_1_27' title="bbox 67 2993 1261 3092; baseline -0.005 -27"><span class='ocrx_word' id='word_1_225' title='bbox 67 2998 132 3084; x_wconf 79' lang='grc' dir='ltr'><strong><em>ἐμὶν</em></strong></span> <span class='ocrx_word' id='word_1_226' title='bbox 152 3000 213 3068; x_wconf 80' lang='grc' dir='ltr'>καὶ</span> <span class='ocrx_word' id='word_1_227' title='bbox 232 2997 283 3067; x_wconf 85' lang='grc' dir='ltr'>τίν</span> <span class='ocrx_word' id='word_1_228' title='bbox 302 3004 430 3070; x_wconf 90' lang='lat' dir='ltr'>Philox.</span> <span class='ocrx_word' id='word_1_229' title='bbox 445 3004 480 3069; x_wconf 93' lang='grc' dir='ltr'>Π</span> <span class='ocrx_word' id='word_1_230' title='bbox 494 3011 534 3073; x_wconf 88' lang='grc'>20</span> <span class='ocrx_word' id='word_1_231' title='bbox 554 3027 586 3091; x_wconf 92' lang='lat' dir='ltr'>p.</span> <span class='ocrx_word' id='word_1_232' title='bbox 603 3012 681 3073; x_wconf 92' lang='grc'><strong>1255</strong></span> <span class='ocrx_word' id='word_1_233' title='bbox 705 3004 794 3092; x_wconf 87' lang='lat' dir='ltr'>apud</span> <span class='ocrx_word' id='word_1_234' title='bbox 803 3003 926 3089; x_wconf 87' lang='lat' dir='ltr'>Bergk.</span> <span class='ocrx_word' id='word_1_235' title='bbox 946 3000 994 3066; x_wconf 89' lang='lat' dir='ltr'>ed.</span> <span class='ocrx_word' id='word_1_236' title='bbox 1002 2999 1062 3063; x_wconf 93' lang='grc' dir='ltr'>ΠΙ.</span> <span class='ocrx_word' id='word_1_237' title='bbox 1083 2993 1177 3080; x_wconf 88' lang='grc' dir='ltr'><strong><em>παρὰ</em></strong></span> <span class='ocrx_word' id='word_1_238' title='bbox 1254 3065 1261 3080; x_wconf 87' lang='lat'><strong>.</strong></span> 
     </span>
     <span class='ocr_line' id='line_1_28' title="bbox 67 3099 909 3186; baseline 0.002 -23"><span class='ocrx_word' id='word_1_239' title='bbox 67 3104 128 3180; x_wconf 89' lang='grc' dir='ltr'><strong><em>τοῖς</em></strong></span> <span class='ocrx_word' id='word_1_240' title='bbox 145 3101 292 3181; x_wconf 79' lang='grc' dir='ltr'><strong><em>πολλοῖς</em></strong></span> <span class='ocrx_word' id='word_1_241' title='bbox 311 3099 559 3186; x_wconf 84' lang='grc' dir='ltr'><strong><em>θαυμάζεσθαι</em></strong></span> <span class='ocrx_word' id='word_1_242' title='bbox 578 3104 663 3170; x_wconf 90' lang='lat' dir='ltr'>Plut.</span> <span class='ocrx_word' id='word_1_243' title='bbox 683 3104 766 3172; x_wconf 90' lang='lat' dir='ltr'>Mor.</span> <span class='ocrx_word' id='word_1_244' title='bbox 788 3109 848 3171; x_wconf 88' lang='lat'>226</span> <span class='ocrx_word' id='word_1_245' title='bbox 869 3103 909 3167; x_wconf 88' lang='lat' dir='ltr'>A.</span> 
     </span>
    </p>
   </div>
   <div class='ocr_carea' id='block_1_3' title="bbox 440 3289 673 3372">
    <p class='ocr_par' dir='ltr' id='par_1_5' title="bbox 440 3289 673 3372">
     <span class='ocr_line' id='line_1_29' title="bbox 440 3289 673 3372; baseline -0.004 -17"><span class='ocrx_word' id='word_1_246' title='bbox 440 3369 442 3372; x_wconf 18' lang='lat'>¹</span> <span class='ocrx_word' id='word_1_247' title='bbox 571 3289 601 3368; x_wconf 71' lang='lat' dir='ltr'>a.</span> <span class='ocrx_word' id='word_1_248' title='bbox 626 3293 673 3354; x_wconf 78' lang='grc' dir='ltr'>ιο.</span> 
     </span>
    </p>
   </div>
   <div class='ocr_carea' id='block_1_4' title="bbox 113 3429 1145 3723">
    <p class='ocr_par' dir='ltr' id='par_1_6' title="bbox 113 3429 1145 3723">
     <span class='ocr_line' id='line_1_30' title="bbox 113 3429 1145 3526; baseline -0.005 -22"><span class='ocrx_word' id='word_1_249' title='bbox 113 3437 169 3504; x_wconf 90' lang='lat' dir='ltr'>De</span> <span class='ocrx_word' id='word_1_250' title='bbox 192 3438 513 3526; x_wconf 83' lang='lat' dir='ltr'>praepositione</span> <span class='ocrx_word' id='word_1_251' title='bbox 535 3429 647 3520; x_wconf 80' lang='grc' dir='ltr'><strong><em>παρά</em></strong></span> <span class='ocrx_word' id='word_1_252' title='bbox 670 3458 753 3502; x_wconf 89' lang='lat' dir='ltr'>oum</span> <span class='ocrx_word' id='word_1_253' title='bbox 775 3435 917 3502; x_wconf 86' lang='lat' dir='ltr'>dativo</span> <span class='ocrx_word' id='word_1_254' title='bbox 939 3459 957 3502; x_wconf 93' lang='lat' dir='ltr'>e</span> <span class='ocrx_word' id='word_1_255' title='bbox 977 3436 1145 3520; x_wconf 86' lang='lat' dir='ltr'>verbis·,.</span> 
     </span>
     <span class='ocr_line' id='line_1_31' title="bbox 154 3529 1080 3626; baseline -0.004 -22"><span class='ocrx_word' id='word_1_256' title='bbox 154 3537 407 3626; x_wconf 86' lang='lat' dir='ltr'>quibuscum</span> <span class='ocrx_word' id='word_1_257' title='bbox 428 3529 640 3621; x_wconf 76' lang='grc' dir='ltr'><strong><em>παράσιτοι</em></strong></span> <span class='ocrx_word' id='word_1_258' title='bbox 660 3537 857 3622; x_wconf 85' lang='lat' dir='ltr'>genetivo</span> <span class='ocrx_word' id='word_1_259' title='bbox 880 3536 1080 3622; x_wconf 86' lang='lat' dir='ltr'>coniungi</span> 
     </span>
     <span class='ocr_line' id='line_1_32' title="bbox 446 3635 801 3723; baseline -0.006 -20"><span class='ocrx_word' id='word_1_260' title='bbox 446 3637 564 3720; x_wconf 85' lang='lat' dir='ltr'>solet,</span> <span class='ocrx_word' id='word_1_261' title='bbox 586 3635 801 3723; x_wconf 89' lang='lat' dir='ltr'>pendente.</span> 
     </span>
    </p>
   </div>
   <div class='ocr_carea' id='block_1_5' title="bbox 77 3799 1179 4084">
    <p class='ocr_par' dir='ltr' id='par_1_7' title="bbox 77 3799 1179 4084">
     <span class='ocr_line' id='line_1_33' title="bbox 141 3799 1178 3891; baseline -0.007 -23"><span class='ocrx_word' id='word_1_262' title='bbox 141 3804 197 3868; x_wconf 88' lang='lat' dir='ltr'>Ex</span> <span class='ocrx_word' id='word_1_263' title='bbox 228 3801 343 3869; x_wconf 89' lang='lat' dir='ltr'>eadem</span> <span class='ocrx_word' id='word_1_264' title='bbox 370 3803 498 3868; x_wconf 87' lang='lat' dir='ltr'>ratione</span> <span class='ocrx_word' id='word_1_265' title='bbox 524 3824 590 3891; x_wconf 91' lang='lat' dir='ltr'>qua</span> <span class='ocrx_word' id='word_1_266' title='bbox 624 3810 656 3867; x_wconf 87' lang='lat' dir='ltr'>et</span> <span class='ocrx_word' id='word_1_267' title='bbox 683 3801 852 3888; x_wconf 87' lang='lat' dir='ltr'>genetivus</span> <span class='ocrx_word' id='word_1_268' title='bbox 885 3809 917 3864; x_wconf 92' lang='lat' dir='ltr'>et</span> <span class='ocrx_word' id='word_1_269' title='bbox 945 3799 1075 3864; x_wconf 89' lang='lat' dir='ltr'>dativus</span> <span class='ocrx_word' id='word_1_270' title='bbox 1106 3819 1178 3861; x_wconf 88' lang='lat' dir='ltr'>eum</span> 
     </span>
     <span class='ocr_line' id='line_1_34' title="bbox 77 3896 1177 3988; baseline -0.008 -19"><span class='ocrx_word' id='word_1_271' title='bbox 77 3898 152 3982; x_wconf 76' lang='grc' dir='ltr'>παρά</span> <span class='ocrx_word' id='word_1_272' title='bbox 175 3902 287 3968; x_wconf 85' lang='lat' dir='ltr'>verbis</span> <span class='ocrx_word' id='word_1_273' title='bbox 309 3903 450 3988; x_wconf 82' lang='lat' dir='ltr'>passivis</span> <span class='ocrx_word' id='word_1_274' title='bbox 473 3903 608 3988; x_wconf 87' lang='lat' dir='ltr'>adiungi</span> <span class='ocrx_word' id='word_1_275' title='bbox 631 3910 755 3988; x_wconf 88' lang='lat' dir='ltr'>potest,</span> <span class='ocrx_word' id='word_1_276' title='bbox 783 3920 1024 3985; x_wconf 84' lang='lat' dir='ltr'>nonnumquam</span> <span class='ocrx_word' id='word_1_277' title='bbox 1048 3896 1106 3961; x_wconf 89' lang='lat' dir='ltr'>sed</span> <span class='ocrx_word' id='word_1_278' title='bbox 1127 3919 1177 3961; x_wconf 89' lang='lat' dir='ltr'>ra·</span> 
     </span>
     <span class='ocr_line' id='line_1_35' title="bbox 77 3988 1179 4084; baseline -0.005 -21"><span class='ocrx_word' id='word_1_279' title='bbox 77 3999 188 4069; x_wconf 72' lang='lat' dir='ltr'>tissime</span> <span class='ocrx_word' id='word_1_280' title='bbox 209 4003 334 4070; x_wconf 78' lang='lat' dir='ltr'>factum</span> <span class='ocrx_word' id='word_1_281' title='bbox 357 4011 405 4067; x_wconf 87' lang='lat' dir='ltr'>eat</span> <span class='ocrx_word' id='word_1_282' title='bbox 426 4011 462 4067; x_wconf 92' lang='lat' dir='ltr'>ut</span> <span class='ocrx_word' id='word_1_283' title='bbox 483 4002 527 4067; x_wconf 89' lang='lat' dir='ltr'>ad</span> <span class='ocrx_word' id='word_1_284' title='bbox 547 4000 695 4084; x_wconf 86' lang='lat' dir='ltr'>verbum,</span> <span class='ocrx_word' id='word_1_285' title='bbox 724 4002 842 4065; x_wconf 88' lang='lat' dir='ltr'>usitato</span> <span class='ocrx_word' id='word_1_286' title='bbox 870 4020 959 4063; x_wconf 88' lang='lat' dir='ltr'>more</span> <span class='ocrx_word' id='word_1_287' title='bbox 980 4018 1054 4060; x_wconf 90' lang='lat' dir='ltr'>eum</span> <span class='ocrx_word' id='word_1_288' title='bbox 1085 3988 1179 4076; x_wconf 83' lang='grc' dir='ltr'><strong><em>παρά</em></strong></span> 
     </span>
    </p>
   </div>
   <div class='ocr_carea' id='block_1_6' title="bbox 0 0 1422 4784">
    <p class='ocr_par' dir='ltr' id='par_1_8' title="bbox 0 0 1422 4784">
     <span class='ocr_line' id='line_1_36' title="bbox 0 0 1422 4784; baseline 0 3"><span class='ocrx_word' id='word_1_289' title='bbox 0 0 1422 4784; x_wconf 95' lang='lat' dir='ltr'> </span> 
     </span>
    </p>
   </div>
  </div>
 </body>
</html>
