2836 4784
688 353 751 408 Rau

270 746 382 836 παρά
403 775 489 818 cum
513 758 704 842 genetivo
726 777 775 819 cx
797 755 941 820 verbis
963 757 1154 844 passivis

589 875 836 941 suspensum

155 1031 215 1102 est,
235 1042 300 1105 quo
322 1019 363 1085 de
384 1042 419 1085 re
441 1018 690 1106 disputaverunt
710 1021 899 1106 Madvigius
926 1021 1030 1107 (Synt.
1046 1044 1095 1106 gr.
1107 1021 1185 1106 ling.
1201 1024 1266 1103 §78

154 1120 252 1197 Adn.)
276 1129 306 1183 et
329 1118 366 1184 O.
390 1117 430 1186 G.
447 1119 618 1205 Kriigerus
640 1117 715 1195 (Gr.
738 1143 786 1205 gr.
807 1126 827 1205 ξ
848 1127 937 1198 52,v5
956 1119 988 1184 A
1013 1127 1039 1185 1.
1062 1127 1103 1198 2).

237 1219 299 1285 Est
318 1227 425 1284 autem
447 1218 500 1284 hic
521 1242 599 1285 usus
621 1218 879 1305 posthomericus
903 1228 934 1284 et
956 1219 1008 1283 vel
1025 1217 1114 1306 apud
1130 1222 1267 1306 optimos

154 1320 332 1405 scriptores
352 1317 490 1390 ‘Atticos
517 1341 611 1384 rarus
636 1327 668 1383 et
687 1319 773 1383 intra
794 1341 972 1404 paucorum
994 1317 1170 1389 verborum
1191 1319 1267 1383 fines

154 1420 322 1484 coercitus.
372 1416 469 1497 Quod
495 1420 612 1484 mirum
645 1440 711 1482 uon
739 1427 805 1500 est,
839 1419 917 1504 quia
948 1419 1149 1504 praepositio
1179 1412 1268 1500 παρά

153 1540 330 1602 numquam
352 1518 416 1580 nisi
438 1517 526 1604 apud
547 1519 787 1594 recentissimos
811 1519 986 1603 scriptores
1002 1517 1267 1602 significationem

52 1698 53 1703 η
154 1617 405 1707 praepositionis
416 1607 483 1679 ὖντδ
492 1616 599 1699 habet,
613 1628 644 1680 et
651 1617 781 1680 omnino
789 1607 965 1702 idquodab
974 1615 1081 1704 aliquo
1093 1627 1199 1699 excat,
1208 1641 1268 1682 non

51 1706 54 1715 ’
154 1716 239 1807 quod
260 1738 319 1802 per
342 1713 481 1802 aliquem
503 1715 569 1796 fiat,
591 1714 722 1781 indicat.
753 1715 828 1796 Qua
851 1714 891 1779 de
907 1737 1024 1779 caussa
1041 1716 1131 1802 apud
1143 1715 1267 1781 Atticos

154 1817 330 1901 scriptores
362 1807 454 1896 παρά
484 1815 547 1878 nisi
576 1837 649 1878 cum
676 1802 819 1901 passivis
846 1813 1020 1878 verborum
1049 1813 1150 1879 dandi
1173 1826 1205 1880 et
1225 1815 1267 1880 lo-

66 1903 69 1908 ’
153 1912 273 2002 quendi
287 1910 459 2003 coniuncta
480 1917 544 1978 non
562 1916 734 2002 reperitur,
760 1912 869 1998 qualia
890 1922 965 1978 sunt
986 1906 1149 2003 δίδοσθαι
1174 1909 1267 1995 διδοί-

152 2016 297 2078 σκεσθαι
311 2006 471 2094 λέγεσθαι
485 2006 727 2095 ὁμολογεῖσθαι
736 2012 979 2094 μαρτυρεῖσθαι
988 2003 1182 2090 ἀξιοῦσθαι.
1195 2014 1267 2079 Pro·

153 2114 287 2180 cedente
313 2108 450 2202 demum·
471 2122 616 2200 tempore
643 2108 749 2199 magis
772 2112 941 2197 magisque
963 2110 1101 2196 gliscere
1123 2115 1266 2199 coepisse

152 2213 238 2279 bunc
259 2236 352 2277 usum
375 2210 526 2298 exempla
547 2235 565 2276 e
585 2211 716 2300 Polybii
738 2203 982 2299 maximeque-c
998 2210 1116 2276 Iuliani
1139 2214 1267 2300 scriptis

152 2307 241 2378 infra
262 2311 362 2381 allata
385 2310 663 2377 demonstrabunt
689 2386 691 2391 ⁴

97 2459 99 2463 .
234 2410 378 2481 Verbum
407 2403 572 2472 δίδοσθαι
599 2419 707 2474 exstat
734 2406 820 2496 apud
856 2408 939 2474 Xen.
971 2407 1010 2472 de
1042 2431 1078 2473 re
1108 2433 1158 2496 eq.
1189 2411 1266 2480 V8.

151 2508 251 2575 Isocr.
271 2509 287 2574 Ι
311 2515 347 2576 18
369 2508 417 2572 IV
437 2514 477 2574 26
499 2508 564 2575 XV
583 2505 604 2572 9
628 2506 719 2589 δῶρα
741 2502 901 2586 διδόμενα
921 2507 1005 2573 Plot.
1027 2507 1090 2593 leg.
1111 2507 1268 2575 Χ901Α.

150 2592 225 2699 ΡοΙ.
244 2612 305 2674 274
327 2606 364 2674 C.
386 2604 475 2688 παρὰ
505 2609 596 2670 θεῶν
624 2600 643 2692 ἡ
670 2601 806 2692 τοιαύτη
834 2602 943 2687 μανία
970 2600 1103 2670 δίδοται
1131 2608 1268 2673 Phaedr.

153 2714 213 2774 245
234 2707 271 2772 Β.
293 2706 389 2770 Dem.
409 2706 501 2793 Lept.
523 2713 573 2794 422
594 2705 796 2793 olyntum
817 2706 956 2795 aaxss
981 2713 1027 2785 14.
1049 2707 1090 2771 de
1112 2731 1177 2773 cor.
1200 2715 1267 2777 202.

23 2890 26 2897 .
152 2808 287 2873 estete.
320 2803 545 2893 Compositum
566 2799 585 2892 ty
608 2802 701 2885 παρὰ
713 2800 922 2872 Ξανθίππου
946 2802 1161 2892 διαδιδομένη
1176 2801 1267 2893 φωνή

150 2892 341 2992 Poly'b.132
355 2903 512 2980 adhibuit,
538 2905 676 2992 quocum
689 2907 837 2971 conferas
851 2898 929 2987 παρ’
945 2900 1033 2989 ὑμῶν
1054 2907 1112 2968 τοῦ
1135 2901 1267 2969 δικαίου

151 2997 323 3086 πτοηθείς
345 3003 422 3088 Lys.
441 3001 493 3068 IX
514 3001 562 3072 20.
584 3000 624 3067 τὰ
649 2999 741 3086 παρὰ
767 3002 933 3085 βασιλέως
961 2998 1156 3092 ἀνηλωμένα
1186 3007 1268 3071 Xen.

152 3101 237 3184 Hcll.
258 3101 342 3188 III.
368 3109 413 3167 11.
436 3103 530 3167 Dcm.
552 3102 643 3170 L15.
685 3103 798 3191 Dandi
820 3105 1000 3170 intellectus
1023 3109 1106 3170 inest
1128 3106 1162 3168 in
1184 3104 1267 3171 locu·

152 3198 239 3265 tione
261 3202 352 3263 θεῶν
373 3194 466 3280 adpo
488 3197 652 3285 μόρσιμόν
674 3197 743 3266 ἐστι
764 3204 843 3268 Eur.
864 3204 936 3272 Hel.
962 3211 1038 3273 1677
1060 3206 1081 3271 i.
1103 3227 1130 3268 c.
1153 3202 1268 3288 εἵμαρ-

150 3322 207 3362 ται
228 3301 248 3363 i.
272 3322 297 3365 e.
320 3295 465 3366 δέδοται.
797 3309 799 3312 ’

157 3402 184 3460 3²
235 3399 309 3479 Qua
331 3401 457 3464 ratione
479 3421 520 3464 ex
543 3402 644 3468 verbo
667 3397 852 3483 μανθάνειν
873 3398 965 3483 παρά
988 3403 1123 3490 pendet,
1154 3403 1267 3468 eadem

151 3492 377 3562 διδάσκεσθαι
401 3522 474 3563 cum
496 3499 558 3563 hac
580 3504 821 3588 praepositione
844 3504 1058 3588 coniungitur,
1081 3503 1174 3566 cuius
1191 3525 1268 3566 usus

153 3598 338 3684 exemplum
361 3601 425 3662 iam
459 3599 547 3685 apud
569 3600 719 3666 Solonem
742 3602 835 3680 (XIII
855 3608 907 3679 51)
928 3597 1056 3686 legitur.
1100 3596 1269 3664 Μουσέων

150 3693 296 3779 τιάρα-
312 3690 616 3775 διδαχθείςΑεεαίυ.
637 3699 747 3764 Prom.
769 3707 839 3768 635.
860 3702 919 3763 coi
944 3694 1139 3782 διδαχθήτω
1164 3693 1267 3779 πάρα.

150 3798 245 3884 μίσεα
267 3796 418 3884 exempla
439 3796 597 3883 praebent
623 3799 772 3885 Xenoph.
797 3799 919 3885 Cyneg.
940 3799 1024 3864 XIII
1047 3805 1074 3865 4.
1093 3798 1142 3862 Pl.
1163 3799 1267 3886 Hipp.

149 3898 225 3961 mai.
254 3904 323 3964 301.
357 3898 471 3982 (Long.
501 3897 591 3967 Post.
617 3899 634 3962 I
661 3904 688 3965 6.
720 3898 801 3966 Ach.
828 3899 900 3963 Tat.
923 3899 988 3963 VH
1009 3922 1039 3985 p.
1062 3904 1143 3974 413).
1184 3897 1268 3962 Item

149 3997 377 4078 βεβαιοῦσθαι
398 3997 487 4062 velut
507 3997 589 4063 Plat.
612 3997 712 4083 Gorg.
735 4003 794 4065 489
816 3997 856 4077 A,
876 3997 1014 4085 Republ.
1038 3999 1068 4062 V
1089 3997 1190 4064 461Ε
1213 3998 1267 4076 (cf.
