2836 4784
254 346 293 410 36
618 342 620 346 ’
797 337 860 393 Rau

260 508 326 572 ιιι·
303 517 370 573 tivo
390 508 439 570 rei
461 509 661 592 composuit,
691 508 749 572 sed
770 507 851 573 haec
872 505 975 572 verba
995 505 1158 593 Aeschylo
1178 501 1370 605 tribuuntur,

260 609 313 672 ιιι
334 606 415 671 haec
437 604 514 670 dict
491 615 536 672 tio
560 610 708 694 egregrie
731 607 892 672 convenit.
983 658 986 665 .

197 711 199 715 ’
343 706 527 792 Scriptores
549 707 712 792 pedestris
735 707 890 771 orationis
919 715 955 770 ut
982 704 1256 791 praepositionem
1285 696 1372 783 παρά

259 828 324 870 non
346 814 548 891 usurparunt
567 807 632 869 nisi
659 829 734 870 cum
759 805 910 892 genetivo
938 803 1141 886 animalium,
1168 804 1373 892 paucissimis

259 904 339 970 locis
352 907 508 992 exceptis,
531 905 577 968 ita
591 906 659 969 fere
680 927 858 993 numquam
881 927 955 968 cum
977 903 1087 967 dativo
1109 924 1177 966 rem
1199 902 1373 965 inanimam

260 1001 457 1086 significanti
487 1005 739 1087 coniunxerunt,
779 1005 838 1068 etsi
867 1003 1071 1088 antiquiores
1094 1003 1272 1086 scriptores
1300 1022 1376 1063 non·

259 1100 348 1164 nulla
368 1102 520 1188 exempla
540 1106 660 1189 poetici
681 1103 768 1168 illius
790 1126 869 1167 usus
902 1101 1076 1189 praebent;
1105 1099 1200 1186 plura
1228 1098 1374 1162 Herodo-

257 1208 320 1278 tus,
344 1197 431 1284 quod
444 1201 562 1267 mirum
584 1218 648 1267 non
671 1213 729 1285 est,
752 1203 874 1290 quippe
896 1203 988 1266 euius
1010 1199 1140 1265 dicendi
1162 1199 1247 1262 ratio
1270 1197 1375 1261 multi-

259 1300 376 1363 fariam
413 1300 540 1385 epicum
569 1303 711 1387 speciem
741 1324 823 1388 prae
845 1323 880 1366 se
900 1301 1003 1382 ferat,
1018 1299 1125 1388 apud
1155 1319 1251 1384 quem
1284 1297 1376 1383 quin·

260 1398 352 1482 quies
380 1397 566 1464 liberiorem
593 1424 689 1465 usum
718 1403 900 1487 reperimus
926 1399 974 1464 IV
1004 1384 1041 1465 15
1077 1392 1210 1483 ἕστηκεν
1238 1386 1377 1474 ἀνδριὰς

259 1519 328 1577 παρ
362 1489 452 1582 αὐτῷ
472 1519 518 1581 ’τῳ
542 1489 712 1580 ἀγάλματι
738 1499 791 1565 ib.-
805 1506 844 1567 53
873 1493 944 1580 ῥέει
969 1494 1124 1579 καθαρὸς
1145 1492 1234 1577 παρὰ
1270 1491 1376 1556 θολε-

259 1597 347 1677 ροῖσι
376 1618 419 1661 ιι
447 1599 639 1678 ποταμοῖσι.
684 1592 728 1664 ib.
756 1605 796 1666 90
822 1595 859 1676 ἐξ
879 1590 1022 1680 Ηραίοι)
1050 1590 1173 1670 πόλιος
1199 1596 1257 1678 τῆς
1283 1588 1376 1674 παρὰ

258 1688 418 1778 Περίνθῳ
446 1695 525 1760 ibid.
550 1689 730 1760 θάλασσαν
749 1696 808 1785 τὴν
829 1690 908 1779 κταρ)
929 1689 1029 1780 Λίνῳ
1051 1689 1136 1757 πόλι
1159 1693 1301 1780 denique
1329 1692 1377 1757 VI

259 1799 299 1861 69
322 1818 363 1859 m.
391 1789 427 1856 ἐκ
461 1797 521 1857 τοῦ
541 1788 663 1880 ἡρωίου
685 1798 745 1859 τοῦ
771 1792 864 1879 παρὰ
890 1798 965 1882 spor
985 1788 1119 1881 θύρῃσι.
1162 1792 1262 1879 Apud
1290 1792 1376 1857 Thu·

260 1892 411 1980 cydidem
432 1892 514 1958 haee
535 1898 667 1981 repperi
691 1895 725 1959 Π
745 1901 786 1961 43
821 1890 840 1980 ἡ
866 1889 949 1973 δόξα
965 1886 1081 1957 ἀὐτῶν
1094 1889 1193 1975 Ιπαρὰ
1215 1886 1377 1975 vtpercv-

257 1989 347 2071 χόντι
370 1984 423 2055 ἀεὶ
443 1989 498 2056 καὶ
517 1987 616 2076 λόγου
637 1990 695 2057 καὶ
715 1987 811 2076 ἔργου
833 1996 940 2078 καιρῷ
962 1986 1158 2077 ἀείμνηστος
1179 1984 1379 2055 καταλείπε-

260 2114 317 2155 ται
338 2093 396 2157 ubi
415 2115 487 2157 cum
501 2092 672 2159 Classenio
693 2093 782 2159 haud
804 2093 939 2159 dubium
956 2092 1036 2157 mihi
1057 2094 1186 2158 videtur
1207 2113 1279 2155 esse
1301 2090 1379 2175 quin

262 2192 364 2257 verbe
397 2186 490 2271 παρὰ
519 2193 565 2274 τῷ
595 2186 758 2269 ἐντυχόντι
794 2191 1021 2279 coniungenda
1054 2193 1118 2257 sint
1149 2215 1223 2257 cum
1254 2191 1362 2272 καιρῷ
1369 2217 1378 2266 ,·

263 2315 361 2379 qnam
382 2290 424 2356 ob
438 2313 508 2355 rem
532 2292 603 2356 viro
624 2291 811 2356 doctissimo
827 2293 863 2359 O.
875 2291 916 2357 G.
931 2292 1085 2376 Kriigero
1108 2293 1199 2356 cuius
1220 2291 1377 2378 interpre

262 2392 342 2456 tutio
361 2391 458 2455 nimis
479 2399 628 2454 contorta
651 2401 682 2455 et
704 2383 882 2456 artificiose
902 2400 960 2473 ιιι,
980 2414 1046 2455 non
1066 2414 1199 2479 possum
1215 2389 1376 2454 assentiri.

346 2488 411 2554 Sed
432 2489 490 2553 vix
502 2488 730 2575 Thucydidem
747 2486 864 2575 ἐπειδὴ
885 2485 1029 2571 γένοιντο
1051 2487 1144 2570 παρὰ
1165 2491 1213 2573 τῷ
1235 2489 1377 2570 ποταμῷ

262 2588 327 2654 VH
367 2594 424 2669 80,
467 2592 505 2652 3·
528 2588 700 2674 scripsisse
742 2592 945 2676 putaverim,
990 2578 1188 2676 quemqnam
1231 2588 1376 2653 codicum

262 2684 457 2754 ABER&
477 2685 647 2764 (Bekkeri)
669 2686 751 2752 haec
775 2694 828 2752 'est
855 2691 1033 2775 scripturc3
1066 2699 1176 2753 tamen
1206 2711 1294 2752 cum
1308 2688 1337 2752 h.
1357 2686 1376 2749 ι.

262 2781 356 2868 τιαροί
389 2810 431 2852 ex
465 2787 707 2872 praepositione
741 2789 851 2852 statim
880 2791 1027 2875 sequenti
1055 2790 1227 2874 irrepsisse
1262 2786 1375 2853 coniici

262 2889 366 2975 possit
386 2896 418 2952 et
436 2886 541 2954 bonus
563 2887 669 2952 codex
690 2881 747 2952 ἕτιί
768 2886 926 2975 praebeat
946 2925 985 2936 -
1009 2910 1092 2974 quoe
1114 2889 1279 2975 scriptura
1308 2910 1374 2951 sen-

261 2989 382 3051 tentiae
401 2986 507 3072 magis
534 2989 746 3075 convenit-
768 3009 842 3052 curn
863 2986 1015 3052 Bekkero
1037 2986 1189 3072 Krtigero
1222 2986 1296 3051 aliis
1325 2982 1376 3049 ἐπί

262 3085 296 3148 in
317 3093 410 3150 textu
431 3082 660 3169 reponendum
675 3107 747 3150 esse
768 3088 959 3152 censuerim.
1001 3086 1113 3174 Neque
1136 3107 1218 3171 quae
1239 3086 1274 3150 Π
1296 3089 1373 3166 89‚7

260 3180 413 3268 leguntur
446 3174 599 3245 ειίτακτοι
632 3181 725 3267 παρὰ
759 3185 832 3260 ταῖς
862 3178 957 3248 rocci
982 3179 1137 3265 μένοντες
1166 3184 1291 3270 probo,
1323 3180 1375 3247 sed

262 3282 365 3348 verba
386 3276 479 3366 παρὰ
499 3284 573 3357 ταῖς
593 3280 687 3346 ναυσὶ
706 3279 862 3365 μένοντες
883 3288 1070 3349 coniectura
1084 3286 1233 3370 speciose.
1249 3282 1375 3347 lectoris

264 3381 433 3447 cuiusdam
455 3381 591 3447 Homeri
619 3383 756 3450 studiosi
784 3383 876 3448 illato
907 3406 978 3448 esse
1005 3382 1085 3446 mihi
1112 3405 1185 3447 cum
1209 3381 1374 3447 Classenio

263 3481 325 3560 (ed.
346 3480 447 3544 Thuc.
469 3480 555 3567 Hp.
582 3485 651 3561 189)
674 3484 834 3549 convenit.
876 3484 984 3549 Locus
1007 3491 1142 3598 quartus
1164 3482 1181 3544 I
1202 3487 1261 3563 82,
1284 3473 1375 3545 ιδί-

263 3604 324 3657 κις
343 3572 470 3668 ἤθελον
491 3579 606 3643 δοῦναι
628 3578 721 3665 παρὰ
750 3576 905 3658 πόλεσιν,
936 3569 990 3656 αἷς
1012 3573 1243 3661 ὂν-ξυμβώσι
1272 3581 1320 3644 ita
1344 3587 1377 3643 ιι

262 3680 326 3746 ιιιι
346 3679 434 3744 Isaei
448 3678 466 3741 I
480 3683 519 3743 25
543 3699 766 3762 νραμματιιον
787 3678 877 3765 παρὰ
898 3683 938 3768 τῇ
959 3673 1042 3798 ἀρχῇ
1063 3673 1214 3758 κείμενον
1235 3687 1268 3741 ιι
1285 3679 1377 3742 Dcm.

262 3779 396 3845 XXXV
419 3784 459 3860 47
481 3797 548 3840 τιου
561 3776 620 3864 χρὴ
642 3776 757 3860 λαβειν
780 3773 892 3865 disqu
913 3777 1006 3864 παρὰ
1028 3772 1114 3864 ποίᾳ
1136 3771 1218 3863 οιρχι
1240 3777 1338 3842 etde
1359 3778 1378 3841 L

247 3879 336 3966 leg.
338 3887 391 3946 70.
411 3869 488 3958 παρ’
511 3870 651 3964 ἐκείνῃ(
654 3901 698 3942 se.
717 3876 854 3966 βουλῇ),
824 3878 916 3957 )de
932 3902 998 3945 ιιι.
1019 3885 1095 3946 294·
1087 3878 1264 3965 ,Lycurgi
1285 3877 1379 3940 inL.

266 3983 323 4045 133
346 3969 486 4060 ουόεμία
514 3971 676 4052 πόλις-
698 4000 767 4060 παρ
808 3971 890 4064 corf]
916 3977 1084 4058 μετοικεῖν
1118 3976 1181 4041 huc
1213 3976 1383 4062 pertinere
