2836 4784
161 340 220 402 110
668 329 765 402 Bauer

158 523 224 586 gno
245 501 408 584 vixerunt,
431 498 595 586 simplices
616 501 716 564 fuisse
735 497 977 587 praedicantur,
998 497 1073 563 ideo
1096 521 1116 563 a
1137 498 1270 564 comicis

159 608 337 687 usurpatur
359 593 477 680 κρόνου
503 597 698 663 vccabulum
725 621 785 684 pro
816 597 918 664 bardo
945 606 977 662 et
1001 597 1093 663 fatuo
1123 622 1150 663 s.
1171 597 1271 664 deliro

58 751 61 757 .
159 701 254 763 sene‘.
289 697 446 785 Stephan.
467 698 508 762 cs.
529 697 696 785 Aristopb.
719 697 816 785 Vesp.
841 702 929 766 1480.
963 695 1049 762 Nub.
1072 702 1144 764 929.

236 792 372 880 κρούειν
396 799 436 863 tr.
458 801 527 863 203.
561 797 696 862 Antiatt.
724 795 831 863 Beirk.
856 802 923 879 101,
945 802 1000 863 22:
1029 794 1111 861 suad
1137 798 1196 860 τοῦ
1216 797 1270 881 ῥα

158 890 257 960 πίσαι
278 889 388 982 ἡρέμα
410 891 516 977 μόνον
538 888 667 960 οίονται
687 888 854 962 τίθεσθαι
876 888 967 980 αὐτὸ,
994 889 1040 972 ὡς
1057 891 1188 979 Ὺπερ.·
1215 892 1271 960 ἐπί

160 992 197 1059 δὲ
228 999 285 1083 τῆς
316 989 494 1082 συνηθείας
525 992 608 1058 κατὰ
642 997 703 1060 τού
735 989 844 1083 κόψαι
876 992 934 1082 τὴν
965 990 1075 1078 θύραν
1105 991 1270 1060 τάσσεται.

159 1096 239 1163 ch.
261 1095 305 1162 ad
325 1095 447 1183 Phryn.
468 1117 500 1182 p.
525 1101 596 1163 178:
622 1098 762 1177 κροῦσαι
786 1092 844 1180 τὴν
864 1089 989 1178 θύραν,
1018 1087 1102 1172 ἴσως
1119 1091 1184 1176 μέν
1205 1117 1269 1161 που

159 1187 466 1280 παραβεβίασται-ίη
485 1195 609 1279 χρῆσις,
633 1187 770 1277 ἄμεινον
797 1189 834 1259 δὲ
855 1191 894 1260 τὸ
915 1189 1054 1260 κόπτειν
1073 1192 1135 1282 τὴν
1156 1191 1268 1280 θύραν.

240 1289 365 1358 κώδεια
394 1294 433 1359 fr.
459 1296 518 1360 253
550 1281 641 1370 εἶδος
672 1298 777 1382 φυτοῦ
809 1287 829 1380 ἡ
861 1295 918 1381 τῆς
946 1290 1099 1381 μήκωνος
1131 1288 1268 1384 κεφαλή.

158 1393 246 1460 Usus
269 1403 318 1460 est
338 1393 401 1460 hcc
422 1391 579 1459 vocabulo
602 1396 701 1460 etiam
721 1393 958 1480 Aristophanes
981 1395 1020 1460 cf.
1042 1400 1092 1462 31.
1112 1391 1148 1463 Ξ
1166 1402 1237 1464 499.

240 1496 404 1579 μαστῆρες
424 1493 464 1558 fr.
488 1500 546 1560 136
568 1497 780 1580 magistratus
800 1494 876 1577 fuit,
899 1497 990 1584 cujus
1012 1504 1084 1559 erat
1103 1493 1192 1560 bona
1212 1518 1266 1583 pu·

158 1594 246 1660 blica
265 1593 435 1680 indagare,
457 1593 593 1680 perinde
615 1615 655 1657 ae
677 1590 809 1678 ζητηταί
830 1593 986 1673 (Boeckb.
1003 1593 1045 1661 dc
1066 1615 1135 1661 σου.
1151 1595 1266 1661 Athen.

158 1695 174 1759 I
194 1717 228 1781 p.
253 1701 323 1774 170)
345 1703 378 1758 et
401 1685 545 1777 μύστροι
568 1692 715 1759 Pellenes
738 1703 870 1761 auctore
890 1693 1073 1760 Aristotele*
1088 1696 1124 1761 in
1144 1694 1266 1782 republ.

158 1793 413 1859 Pellenaeorum.

239 1887 398 1979 μητρυιός
423 1892 462 1958 fr.
486 1898 543 1960 143
557 1885 782 1978 επατρυιός.
824 1892 905 1958 Poll
931 1892 991 1977 ΠΙ,
1013 1900 1070 1961 27:
1096 1900 1213 1958 τοῦτον
1232 1887 1265 1956 δύ

156 1999 213 2071 (sc.
236 1995 399 2072 vitricum)
424 1984 620 2078 Ὑπερείδης
638 1986 873 2073 Πατροκλέους
898 1987 956 2056 ἐπί
976 1988 1192 2082 προαγωγείρ
1212 2017 1265 2065 κα-

156 2096 305 2180 τηγορῶν
336 2089 495 2178 μητρυιὰν
525 2087 666 2178 κέκληκε
699 2088 755 2155 καὶ
784 2086 992 2174 Θεόπομπος
1016 2086 1035 2156 ὃ
1064 2091 1265 2176 κωμικὸςίν

158 2186 292 2281 Εἰρήνη,
332 2195 372 2260 ct
394 2194 489 2259 Eust.
508 2192 547 2259 Il
575 2216 607 2280 p.
628 2197 699 2275 560,
725 2198 777 2260 162
804 2189 859 2257 καί
882 2188 1041 2279 μητρυιὸν
1068 2187 1101 2259 oi
1128 2186 1265 2259 natast

158 2313 244 2380 φασι
263 2290 322 2358 τὸν
339 2289 500 2376 πατρυιὸν
522 2284 822 2378 ύρρενωνυμούντες
840 2289 899 2380 τὴν
917 2287 1089 2380 μητρυιᾴν.
1132 2356 1136 2361 ,
1202 2338 1207 2346 -
1263 2349 1266 2353 ,

239 2387 455 2473 μονοπώλιον
475 2394 517 2460 fr.
538 2400 577 2463 46
591 2423 633 2448 =
644 2387 854 2474 μονοπωλία.
883 2393 929 2461 cf.
946 2394 1047 2462 Diod.
1069 2395 1135 2462 Sic.
1160 2395 1199 2480 V,
1222 2393 1263 2463 10.

157 2493 270 2558 Latini
291 2514 419 2580 quoque
450 2495 624 2580 scriptores
652 2492 828 2579 monopolii
848 2487 1008 2561 uocabulo
1030 2504 1174 2562 utuntur.
1216 2495 1264 2561 De

158 2592 220 2657 hac
242 2591 365 2681 duplici
393 2594 619 2659 terminatione
639 2593 674 2657 in
695 2580 731 2657 ια
749 2602 782 2659 et
802 2581 855 2656 io‘v
881 2592 1160 2662 substantivorum
1185 2617 1262 2662 com·

159 2695 340 2780 positorum
362 2694 402 2760 cf.
423 2692 504 2761 Lob.
527 2693 581 2759 ad.
603 2691 725 2780 Phryn.
746 2715 780 2779 p.
802 2698 872 2761 517.
1110 2686 1112 2690 ’

240 2788 339 2870 ναούς
358 2795 415 2860 IV.
434 2816 462 2860 c.
484 2788 658 2868 9=rsuie
678 2793 759 2879 Lyc.
779 2794 813 2859 in
828 2793 944 2858 Leocr.
964 2795 994 2874 ἓ.
1009 2798 1049 2862 36
1072 2787 1192 2880 ἔρημοι
1208 2789 1263 2876 μὲν

155 2885 238 2983 ἦσαν
260 2888 294 2958 αἱ
315 2896 390 2982 νῆες
410 2893 553 2959 scribere
569 2892 664 2982 jubet
684 2891 723 2957 A.
740 2892 920 2958 Schoenius
940 2893 1036 2960 Jahn.
1057 2895 1165 2960 annal.
1191 2899 1261 2964 1809

156 3019 189 3083 p.
208 2989 292 3062 740.
313 3000 392 3077 -741,
422 2993 501 3059 libri
532 3016 610 3059 mss.
643 2988 720 3056 ναοί
744 2985 869 3076 ἱερέων.
910 2991 994 3059 Xen.
1022 2993 1118 3058 anab.
1146 2995 1261 3079 V3‚8

156 3089 249 3172 νεών,
278 3101 306 3160 9.
329 3098 374 3159 12.
398 3096 435 3158 13
458 3086 553 3169 ναόν,·
581 3088 679 3168 ναούς
694 3092 775 3158 Eur.
798 3093 867 3158 Ion.
889 3098 939 3171 97,
964 3094 1063 3162 Diod.
1086 3094 1151 3163 sie.
1172 3096 1199 3182 l,
1219 3103 1260 3164 tc.

238 3187 422 3278 ναύκληρος
441 3193 481 3258 fr.
503 3200 544 3261 10
574 3195 669 3258 navis
694 3193 862 3277 domiuus3
891 3193 1057 3282 Hesychio
1082 3205 1132 3261 est
1153 3190 1172 3261 ό
1192 3217 1259 3260 ουν-

156 3287 266 3369 οικίας
286 3288 457 3374 προεστώς
478 3294 703 3374 σταθμούχος,
726 3303 762 3358 ut
786 3295 842 3376 sit,
863 3295 922 3381 qui
942 3296 989 3360 ita
1008 3294 1191 3383 hospitibus
1212 3295 1258 3362 dc

154 3418 242 3461 mum
265 3416 355 3459 suam
377 3394 471 3481 quusi
492 3390 591 3470 locat,
620 3401 656 3457 ut
686 3392 905 3458 navicularius
926 3394 1125 3461 vectoribus.
1156 3391 1259 3476 Ὑπερ.

154 3486 192 3558 ού
214 3488 319 3576 μόνον
338 3485 384 3568 ὡς
403 3485 424 3578 ἡ
446 3486 608 3578 συνήθεια
633 3497 746 3579 χρῆται
764 3495 811 3577 τῷ
834 3484 991 3575 ὀνόματι,
1020 3486 1110 3559 ἀλλὰ
1132 3493 1188 3560 καί
1208 3490 1257 3559 lul

151 3596 210 3658 τοῦ
230 3586 504 3676 μεμισθωμένον.
519 3586 577 3656 ε’πί
602 3595 648 3678 τῷ
677 3590 719 3656 τὰ
748 3587 875 3657 ε’νοίκια
900 3589 1047 3678 ἐκλέγειν
1071 3587 1092 3682 ἢ
1119 3584 1256 3672 οἱκίαςί

153 3687 322 3769 συνοικίας
341 3685 388 3768 ὡς
409 3685 427 3757 ό
449 3683 548 3768 αύτὸς
569 3689 670 3780 ῥητωρ
686 3691 784 3780 δηλοῖ
798 3692 891 3777 ἐντῷ
909 3690 995 3780 πρὸς
1005 3687 1264 3780 Ἀριστογείτονα

151 3789 209 3858 καί
222 3786 408 3878 Σαννυρίων
420 3787 549 3856 Γέλωτι
564 3791 620 3858 καί
634 3786 784 3881 Δίφιλος
794 3785 950 3879 Ἐμπόρῳ
963 3794 1128 3884 Harpocr.
1145 3797 1270 3882 Saupp-

153 3886 266 3958 οἰκίαν
281 3885 307 3979 ἢ
328 3895 512 3970 συνοικίαν,
543 3893 601 3959 sed
627 3897 787 3962 consentit
813 3896 848 3961 in
875 3919 1009 3962 numero
1037 3895 1156 3985 plurali
1182 3895 1270 3960 Lex-

103 3984 108 3990 ’
151 3994 231 4059 rhet.
252 3993 406 4060 Cantabr.
429 4017 459 4083 p.
480 3997 551 4078 673,
572 3999 620 4060 20.
