2836 4784
49 420 52 424 ,
161 382 200 448 78
463 388 468 396 ’
684 375 747 430 Rau

156 545 217 610 bus
240 544 439 630 significetur
461 554 619 631 quantum
633 545 775 610 abfuerit
791 544 869 631 quin
884 542 919 607 id
931 543 1020 630 quod
1036 545 1139 611 verbo
1152 545 1268 629 iudica3

157 653 246 707 retur
267 645 388 707 sactum
411 654 505 707 esset
520 645 560 722 19)
599 649 607 658 ”

243 741 309 814 Sed
341 743 510 807 videamus
543 745 610 807 iam
642 743 682 807 de
714 742 851 828 singulis
881 750 913 804 et
941 763 1025 828 quae
1046 743 1269 808 contendimus

158 841 317 928 exemphs
337 840 523 926 probemus.
551 841 595 905 Et
617 843 762 928 primum.
781 841 909 928 quidem
933 840 974 905 de
994 841 1160 907 locutione
1180 837 1269 922 παρὰ

157 935 244 1004 πολύ
268 939 440 1005 dicendum
462 950 511 1003 est
540 963 637 1027 quam
660 963 788 1027 semper
809 940 1082 1027 praecedentibus
1111 940 1165 1005 vel
1189 963 1270 1005 com·

157 1042 317 1128 parativis
337 1037 389 1103 vel
412 1039 620 1125 superlativis
647 1040 700 1104 vel
729 1039 839 1104 verbis
871 1042 1096 1126 comparativa
1121 1041 1156 1104 vi
1178 1059 1270 1126 prae·

158 1141 235 1204 ditis
257 1138 323 1224 legi
349 1160 450 1224 supra
478 1137 620 1203 diximus
627 1157 637 1219 3
669 1161 752 1226 quae
781 1142 889 1204 sexies
919 1139 1009 1225 apud
1041 1137 1271 1224 Thucydidem

155 1241 334 1325 reperitur:
363 1229 517 1321 ἐνίκησαν
539 1234 632 1321 παρὰ
654 1231 780 1322 πολύγΙ
802 1243 851 1303 29.
875 1245 903 1302 4.
944 1235 1037 1318 παρὰ
1059 1234 1149 1300 πολὺ
1173 1229 1275 1323 ipocry-

156 1334 273 1411 θέντες
293 1335 327 1399 Π
350 1342 399 1419 89,
423 1345 452 1403 4.
494 1332 587 1418 παρὰ
611 1333 699 1399 πολὺ
721 1331 962 1412 πιθανώτατος
981 1337 1032 1400 ΠΙ
1054 1342 1103 1420 36,
1126 1341 1155 1402 6.
1197 1339 1274 1398 Λα-

155 1436 364 1516 κεδαιμόνιοι
384 1432 425 1496 τὰ
447 1437 512 1498 τῶν
535 1428 631 1498 Χίων
649 1433 743 1517 παρὰ
767 1432 856 1497 πολὺ
878 1431 1119 1518 προςεδέξαντο
1140 1433 1278 1516 μᾶλλον

155 1536 238 1603 VIII
259 1543 288 1604 6.
309 1542 338 1604 3.
381 1528 459 1620 ἡδὲ
487 1527 599 1597 εὔνοια
627 1531 720 1617 παρὰ
748 1532 834 1597 πολὺ
858 1529 970 1598 ἐποίει
991 1537 1056 1597 τῶν
1077 1525 1278 1617 ἀνθρώπων

100 1645 102 1647 ’
154 1633 284 1717 μᾶλλον
305 1629 340 1710 ἒς
359 1630 437 1709 τοὺς
458 1629 756 1715 Λακεδαιμονίους
782 1634 817 1697 Π
838 1639 868 1701 8.
889 1641 918 1700 4.
948 1657 1043 1721 quem
1071 1633 1180 1699 locum
1203 1635 1277 1699 imi·

154 1745 242 1799 tatus
271 1743 320 1799 est
340 1733 513 1820 Appianas
541 1732 627 1812 (bell.
649 1736 710 1799 civ.
730 1733 748 1797 I
769 1738 836 1812 82):
865 1724 1019 1819 ὴεένοια
1045 1736 1112 1797 τῶν
1143 1726 1278 1816 ἀνδρῶν

155 1829 190 1910 ές
209 1830 289 1909 τοὺς
308 1828 457 1908 ὑπάτους
477 1829 570 1915 παρὰ
591 1829 679 1895 πολὺ
702 1827 823 1899 ἐποίει.
850 1832 1001 1920 Denique
1016 1833 1106 1920 apud
1121 1831 1277 1919 Thucyd.

153 1934 187 1998 Π
202 1939 284 2001 8a.5
304 1933 441 2018 legimus
465 1928 517 1996 ὅτι
540 1925 599 1995 οὐκ
622 1924 666 1994 ὃν
689 1925 845 2017 ἡγοῦνται
865 1930 913 2017 μὴ
932 1925 1114 2014 μέλλοντάς
1127 1953 1162 1993 τι
1178 1925 1281 2010 ἄξιον

153 2034 212 2095 τοῦ
238 2027 332 2114 παρὰ
359 2027 447 2094 πολὺ
478 2026 618 2112 πράξειν
649 2024 882 2095 ἀνθίστασθαι
907 2026 993 2112 ὑμᾶς
1020 2032 1077 2096 ubi
1108 2030 1277 2097 Classenii

153 2133 454 2218 interpretationem
484 2132 624 2217 probare
652 2155 718 2197 non
739 2154 883 2218 possum,
916 2134 993 2218 quia
1022 2152 1158 2216 semper,
1180 2128 1277 2217 apud

154 2229 383 2317 Thucydidem
404 2230 447 2295 ad
466 2230 602 2294 verbum
622 2232 881 2317 comparativum
903 2227 996 2312 παρὰ
1024 2225 1112 2292 πολύ
1137 2232 1274 2317 apposi-

153 2339 221 2394 tum
243 2339 307 2408 est;
338 2339 539 2417 quapropter
559 2329 712 2416 Kriigero
737 2329 885 2394 everbis
915 2328 1188 2415 praecedentibus
1206 2322 1276 2392 ‘vs-

154 2419 333 2514 νικηκέναι>
356 2431 554 2514 cogitatione
575 2430 654 2494 addi
670 2429 798 2517 jubenti
824 2429 999 2494 adsentior.
1041 2428 1125 2495 Cum
1157 2451 1272 2516 super·

153 2528 254 2592 lativo
289 2528 410 2592 dictum
444 2540 493 2592 est
520 2526 613 2611 παρὰ
641 2525 729 2593 πολύ
762 2529 804 2594 ab
832 2528 1053 2614 Aristophane
1075 2528 1173 2606 (Plut.
1196 2534 1274 2607 446)

104 2639 105 2642 ’
154 2621 344 2690 δεινότατον
372 2621 469 2709 ἔργον
495 2626 587 2710 παρὰ
614 2626 706 2694 πολι)
739 2623 842 2711 ἔργων
866 2622 1024 2690 ἁπάντων
1051 2622 1273 2710 ἐργασόμεθα

153 2736 185 2790 et
205 2725 246 2791 ab
269 2725 472 2791 Anaxandro
495 2749 576 2792 com.
607 2727 715 2805 (Mein.
736 2730 787 2793 ΠΙ
811 2733 880 2806 181)
904 2730 971 2790 τῶν
992 2719 1092 2815 ὄψων
1110 2724 1274 2811 μέγιστον

152 2822 245 2910 παρὰ
268 2819 365 2890 πολύ.
407 2824 574 2890 Permulta
603 2827 698 2892 huius
725 2829 895 2893 locutionis
923 2826 1187 2913 exemplaapud
1207 2827 1270 2891 Po·

152 2912 278 3012 lybiam
301 2935 431 2990 exstant
451 2923 541 2989 velut
564 2922 622 2988 διὰ
643 2922 681 2989 τὸ
702 2923 795 3008 παρὰ
811 2924 898 2990 πολὺ
920 2920 1141 3007 introspectis
1153 2925 1207 2990 HI
1220 2931 1271 2992 92.

155 3031 221 3090 111.
236 3024 319 3088 XVI
335 3029 363 3088 6.
385 3021 477 3104 παρὰ
495 3021 587 3104 πολὺ
610 3020 767 3101 ἐλάττους
789 3018 887 3102 ὄντας
907 3029 974 3089 τῶν
993 3022 1148 3089 ἐναντίων
1168 3025 1271 3092 1132

124 3115 125 3119 ¹
151 3122 234 3188 XVI
256 3127 287 3188 6.
318 3116 460 3204 μεγέθει
481 3121 574 3206 παρὰ
596 3122 683 3188 πολὺ
706 3120 882 3211 διαφέρειν
902 3127 920 3190 Ι
941 3133 991 3193 55.
1024 3121 1082 3188 διὰ
1103 3122 1143 3189 τὸ
1167 3122 1269 3208 σκλη-

87 3286 91 3290 ,
151 3216 291 3303 ρόεαεον
312 3220 404 3304 παρὰ
434 3220 521 3286 πολὺ
554 3218 640 3302 ἔχειν
672 3215 755 3307 ἀέρα
787 3222 844 3288 καὶ
875 3220 983 3289 τόπον
1006 3225 1056 3292 IV
1086 3230 1121 3290 21
1155 3227 1266 3300 etc.²⁰)

151 3321 348 3386 Locutiones
375 3318 469 3404 παρὰ
497 3316 584 3385 πολύ
613 3333 646 3389 et
670 3320 764 3406 παρὰ
790 3319 912 3408 μικρόν
946 3326 980 3389 in
1008 3347 1072 3390 uno
1100 3325 1267 3388 enuntiato

222 3538 263 3605 19)
280 3537 380 3608 Itaque
397 3553 460 3592 cum
478 3553 572 3592 omnes
585 3538 741 3593 huiusmodi
755 3537 907 3593 locutiones
921 3553 979 3591 una
991 3538 1143 3609 eademque
1159 3537 1266 3591 ratione

152 3621 283 3692 explicari
300 3622 410 3692 possint
427 3621 579 3677 refellenda
596 3623 705 3677 ridetur
716 3629 745 3677 et
758 3639 852 3677 eorum
870 3625 1015 3692 sententia,
1034 3622 1082 3693 qui
1098 3621 1265 3676 locutionem

153 3706 230 3777 ’παρὰ
250 3710 384 3761 τοσοῦτον
401 3699 470 3773 ἦλθε
487 3706 621 3762 κινδύνου
632 3707 806 3777 interpretati
825 3706 881 3758 sint
898 3723 930 3760 eo
948 3706 1112 3760 discriminis
1130 3705 1264 3759 adductus

151 3793 179 3842 et
197 3789 244 3861 qui
264 3791 405 3844 notionem
426 3790 638 3861 praepositionis
655 3791 682 3845 h.
701 3792 848 3864 lproeter
865 3805 925 3843 esse
941 3795 1054 3860 putent:
1077 3793 1189 3859 praeter
1205 3793 1264 3841 tuu-

116 3881 119 3885 ’
151 3875 211 3924 tum
225 3873 374 3948 *discrimen
392 3874 437 3927 vel
456 3875 618 3928 discriminis
636 3881 852 3945 praetereuntes.

219 3960 262 4025 20)
283 3957 327 4012 De
345 3958 476 4012 adverbio
495 3960 646 4026 napanotn'
671 3975 733 4012 cum
751 3958 880 4029 genetivo
900 3957 1048 4012 coniuncto
1071 3957 1160 4026 (velut
1177 3975 1263 4026 παρα-

152 4043 226 4096 noar)
245 4047 293 4108 τῆς
312 4045 457 4110 ἀληθείας)
475 4044 602 4112 exposuit
618 4042 816 4112 Bernhardyus
833 4043 862 4094 in
879 4041 1001 4112 Paralip.
1020 4047 1094 4113 synt.
1113 4059 1155 4112 gr.
1173 4057 1200 4110 p.
1220 4041 1261 4091 61.
