2836 4784
270 391 311 455 20
800 382 865 440 Rau

271 553 365 618 tibus.
408 552 462 616 Ex
496 551 614 638 quibus
643 551 730 638 quod
753 554 858 617 instar
881 554 1024 618 omnium
1046 562 1096 617 est
1116 546 1303 632 λαμβάνειν
1324 554 1380 617 iam

270 675 371 739 supra
393 650 569 716 attulimus.
612 651 773 737 Pleraque
799 650 984 716 huiusmodi
1004 651 1107 716 verba
1129 651 1296 717 intellectu
1316 674 1380 738 pro

269 753 342 837 prio
365 750 512 815 adhibita
543 753 608 814 iam
630 752 663 814 in
685 750 870 815 Homericis
893 750 1090 815 carminibus
1113 750 1271 834 legimus,
1303 750 1382 814 velut

271 844 458 931 τυγχάνειν,
482 846 651 928 δέχεσθαι.
680 849 738 913 sed
765 851 862 913 etiam
884 848 1043 913 translata
1059 849 1299 934 significatione
1313 859 1383 914 tem·

272 972 351 1036 pore
372 951 452 1013 satis
484 951 616 1036 antiquo
648 950 863 1012 inveniuntur.
907 948 963 1012 Sic
990 947 1157 1033 Theognis
1179 954 1242 1016 253
1276 941 1384 1031 ὀλίγης

272 1046 363 1129 παρὰ
386 1050 442 1111 σεῦ
466 1040 503 1111 οὐ
518 1042 663 1130 τυγχάνω
687 1039 812 1122 αἰδοῦς.
825 1048 1001 1127 [rarissime
1012 1070 1084 1119 cum
1097 1047 1207 1113 dativo
1223 1050 1384 1133 coniungi·

272 1162 339 1214 tur:
371 1139 453 1229 παρ’
485 1141 561 1227 ὑμῖν
587 1139 768 1222 τεύξεσθαι
803 1147 868 1208 τιῖιν
898 1138 1038 1209 δικαίων
1068 1147 1162 1210 Dem.
1189 1146 1325 1211 XXVII
1345 1151 1383 1226 213

272 1251 431 1315 sententia
450 1248 602 1332 opposita
622 1243 902 1330 Xen.0yr.Iti‚6
924 1242 1004 1320 τοὺς
1025 1237 1171 1324 άθὲμιτα
1194 1238 1384 1327 εὐχομένους

275 1339 364 1423 εἰκὸς
385 1343 475 1429 παρὰ
496 1347 565 1409 τιῦν
579 1347 672 1407 θεῶν
687 1335 859 1422 άτυχεῖν.
873 1339 1049 1434 θέχεσθαιι
1071 1339 1262 1430 γηθοσύνας
1277 1337 1307 1409 d'
1318 1341 1383 1409 ἑδέ-

272 1469 367 1526 χοντο
401 1437 483 1526 παρ’
516 1437 669 1528 ἀλλήλων
702 1437 816 1507 ἔδιδόν
849 1464 886 1512 τε,
911 1445 976 1508 iam
1005 1445 1039 1509 in
1068 1445 1210 1530 Hymnis
1239 1444 1383 1510 Hom.V

272 1555 332 1616 437
354 1546 517 1611 intellectu
538 1541 695 1607 translato
719 1551 834 1608 exstat
878 1535 916 1606 οὐ
938 1540 1084 1621 δέχονται
1102 1537 1274 1618 θυστάδας
1297 1539 1384 1618 λιτὰς

272 1641 318 1710 ἔτι
351 1641 431 1709 θεοὶ
464 1637 539 1723 παρ’
574 1635 664 1726 ἡμῶν
703 1642 800 1729 Sepla
835 1643 911 1707 Ant.
947 1650 1026 1710 1007
1058 1639 1221 1706 δέκεσθαι
1259 1638 1383 1728 γνώμην

272 1745 393 1810 Herod.
425 1743 473 1808 IV
505 1747 554 1808 97.
585 1735 653 1803 δέκ.
685 1735 797 1816 πίστις
831 1741 874 1806 id.
907 1742 1009 1807 1117.
1036 1734 1074 1805 οὐ
1104 1737 1281 1821 δεκόμενοι
1309 1733 1381 1821 παρ’

272 1837 378 1908 adrat
400 1842 435 1907 Π
459 1847 514 1908 143
536 1842 556 1905 i.
579 1862 605 1903 e.
627 1863 691 1905 non
713 1840 935 1923 admittentes,
958 1842 1126 1907 credentes
1149 1840 1236 1929 quod
1257 1841 1313 1906 ille
1335 1840 1383 1906 ad·

272 1942 438 2016 firmabat3
467 1950 500 2005 et
530 1938 688 2005 eiusmodi
712 1938 891 2005 locutiones
921 1941 1042 2006 multae
1075 1941 1164 2028 apud
1183 1940 1383 2006 Herodotum

273 2044 495 2122 inveniuntur,
524 2041 581 2126 qui
609 2061 688 2125 prae
720 2040 835 2104 ceteris
862 2040 997 2105 verbum
1027 2037 1186 2118 δέχεσθαι
1208 2043 1384 2128 usurpavit

271 2141 311 2206 ari
334 2136 524 2226 σαφέστατα
546 2134 658 2223 μνήμη
680 2135 770 2220 παρὰ
792 2141 859 2201 τῶν
880 2135 1042 2224 πρότερον
1055 2136 1249 2222 δεδεγμένοι
1262 2139 1384 2207 Thucl

273 2249 301 2308 0.
346 2241 441 2322 Quod
471 2238 515 2304 ad
541 2261 671 2303 sensum
700 2240 840 2325 pertinet
875 2241 1024 2325 proxime
1051 2263 1071 2304 a
1095 2239 1196 2304 verbo
1217 2235 1384 2320 τυγχάνειν

274 2342 392 2407 absunt
412 2340 507 2404 haec:
533 2359 570 2401 το
556 2332 712 2417 μέλλον
716 2331 962 2457 συμβήσεσθαι
983 2330 1061 2418 παρ)
1083 2333 1183 2419 ὑμῶν.
1205 2338 1308 2404 Isoer.
1326 2337 1385 2403 XV

251 2440 253 2443 ’
274 2446 343 2508 322
359 2433 564 2523 συμβέβηκεν
579 2433 673 2516 παρὰ
691 2439 749 2522 τῆς
763 2431 860 2523 τύχης
877 2433 1061 2518 ἐναντίωμα
1075 2438 1171 2503 Dem.
1182 2437 1223 2501 de
1238 2461 1306 2502 cor.
1320 2443 1383 2506 308

274 2533 392 2621 συνέβη
414 2559 447 2599 τι
475 2531 567 2615 παρὰ
590 2538 655 2596 τῶν
676 2536 769 2599 θεῶν
787 2532 927 2621 χρηστόν
952 2537 1046 2602 Dem.
1067 2537 1084 2601 I
1108 2544 1154 2603 11.
1185 2524 1384 2625 deinceps⁰
1366 2559 1383 2598 ο

274 2633 366 2719 παρὰ
393 2637 459 2697 τῶν
481 2627 646 2717 Ἑλλήνιον
664 2637 736 2710 τοῖς
763 2671 802 2685 -
825 2629 1001 2722 άπηντήθη
1022 2634 1137 2721 Polyb.
1154 2635 1188 2700 Π
1210 2643 1239 2703 7.
1262 2635 1308 2722 μή
1329 2658 1384 2718 μοι

181 2750 184 2758 “
273 2727 351 2818 παρ’
375 2729 466 2816 ὑμῶν
488 2725 661 2819 άπαντήση
682 2729 720 2795 τὸ
744 2732 853 2799 δοκεῖν
879 2736 1031 2800 Aeschin.
1060 2734 1110 2800 IlI
1130 2741 1180 2802 53.
1208 2728 1274 2800 οάκ
1296 2730 1385 2800 ἔλεον

273 2828 363 2917 εἰκὸς
383 2824 422 2920 ἦν
443 2831 740 2910 συνεξακσλουθεῖν
759 2831 870 2911 αἰτοῖς
895 2831 988 2917 παρὰ
1009 2837 1074 2896 τῶν
1090 2828 1254 2920 Ἑλλήνων
1274 2835 1385 2922 Polyb.

273 2935 305 2999 II
327 2938 376 3000 58.

356 3033 411 3097 Ex
433 3031 534 3098 verbo
559 3027 701 3113 δέχομαι
722 3035 895 3099 formatum
918 3043 967 3098 est
988 3030 1198 3116 (lenociniosis,
1221 3055 1239 3097 e
1260 3055 1334 3120 quo,
1356 3041 1386 3096 ut

274 3124 316 3196 eu
340 3127 501 3209 δέχεσθαι
522 3125 615 3249 παρά
639 3154 666 3196 c.
687 3154 760 3217 gen.
781 3133 910 3220 pendet,
932 3134 1072 3219 primum
1095 3131 1182 3217 apud
1203 3132 1385 3218 AristrEq.

273 3237 344 3299 802.
373 3231 489 3296 deinde
521 3234 651 3320 saepius
679 3231 769 3318 apud
802 3243 948 3301 oratores
974 3231 1063 3296 velut
1087 3231 1178 3317 apud
1204 3231 1282 3318 Lys.
1305 3229 1386 3296 XXI

273 3336 322 3396 22
344 3330 469 3417 Hyper.
491 3331 538 3396 IV
564 3335 662 3414 10,3.

273 3496 276 3501 ,
355 3431 408 3494 De
435 3429 592 3495 militibus
620 3429 768 3499 mercede
799 3430 966 3495 conductis
987 3431 1187 3510 μισθαρνεῖν
1209 3410 1240 3493 et
1260 3433 1387 3510 μισθο-

275 3530 391 3615 φορεῖν
412 3523 504 3613 παρά
526 3550 617 3604 τινος
638 3529 756 3593 dicitur
776 3528 819 3594 ab
839 3529 931 3615 Hyp.
952 3528 986 3593 Π
1010 3537 1056 3611 11,
1076 3535 1104 3597 8.
1131 3529 1225 3594 Dem.
1254 3529 1296 3594 de
1325 3552 1388 3595 cor

125 3625 127 3628 ’
246 3627 767 3702 ’236.ΙΧ14...Χ19σοο1σ

357 3719 575 3811 ευρισκεσθαί
610 3747 644 3789 τι
676 3723 770 3810 παρά
799 3748 886 3801 τινος
917 3729 1047 3812 saepius
1062 3810 1065 3814 ,
1083 3727 1128 3790 At
1115 3727 1185 3791 ttici
1214 3728 1390 3813 scriptores

273 3838 471 3916 usurparunt
490 3828 566 3892 inde
588 3850 608 3890 a
629 3825 845 3912 Xenophonte
865 3824 971 3890 Anab.
994 3825 1059 3890 VH
1082 3833 1108 3890 1.
1126 3831 1174 3890 31.
1199 3825 1278 3911 Lys.
1307 3826 1389 3890 XllI

273 3935 301 3994 9.
323 3927 390 3990 XX
413 3934 461 3994 30.
484 3927 517 3990 ΙΙ
541 3934 586 3991 15.
609 3926 706 3990 lsocr.
728 3924 779 3988 IX
805 3932 852 3991 14.
872 3923 1024 3989 Aeschin.
1054 3924 1105 3988 Ill
1130 3930 1197 3991 134.
1219 3923 1389 3990 Demostb.

272 4027 364 4112 Lept.
388 4020 591 4092 6070416
617 4035 676 4088 etc.
