2836 4784
405 345 439 399 de
457 341 616 399 Graecitote
634 340 801 416 Hyperiden.
1106 354 1164 415 109

71 515 165 600 larges
187 513 227 579 de
248 512 448 577 Litterature
470 511 622 598 greoque‘
644 513 815 599 inscripto,
837 514 892 598 qui
914 514 1037 600 prodiit
1057 513 1163 581 Paris.

70 621 184 702 leuup.
210 619 277 679 121.
321 611 394 676 Hoc
420 611 520 696 igitur
548 615 582 674 in
610 609 693 676 libro
715 620 790 698 poet
819 634 872 694 ea,
903 633 986 698 quae
1008 636 1032 677 s.
1053 637 1083 680 v.
1107 609 1164 678 ἐπί

69 707 169 798 κόρρης
181 709 377 797 Sylburgius
401 708 504 774 edidit
517 732 548 797 p.
564 714 634 792 360,
650 718 689 779 40
710 709 838 798 adjecta
861 721 936 774 eunt
958 735 1044 777 nova
1067 713 1162 778 haee:

64 805 257 896 Ὑπερείδης·
287 800 398 871 δκοόω
424 805 486 892 γὰρ
508 799 689 871 Αότσκλέα
717 806 775 872 τὸν
801 803 923 894 ρρτορα
945 807 1030 893 πρὸς
1048 803 1165 875 Ἱππό-

62 933 144 975 νικον
173 906 232 973 τὸν
259 899 423 969 Καλλίου·
441 902 518 991 περὶ
541 901 663 989 χωρίου
691 904 780 983 τινὸς
813 900 1167 996 ἀναμφισβητησανισς

65 1011 95 1088 (f.
114 1001 414 1095 ἀμφισβητήσαντα)
436 1003 493 1070 καί
513 1000 684 1090 λοιδορίας
705 999 818 1082 αὐτοῖς
841 1003 1031 1091 γενομένης,
1062 1003 1164 1093 ρανιί-

68 1106 126 1186 ζειν
149 1100 249 1170 αὐτὸν
271 1098 464 1168 Ἱππόνικον
499 1100 557 1169 ἐπὶ
585 1102 712 1190 κόρρης.
755 1107 934 1173 Confirmat
970 1106 1032 1172 hoo
1061 1106 1163 1193 locus,

72 1212 116 1293 qui
133 1218 177 1272 est
195 1208 230 1270 in
252 1205 389 1291 Didymi
410 1204 626 1271 Alexandrini
649 1205 757 1271 libello
780 1202 856 1289 περί
884 1210 949 1268 τῶν
969 1198 1163 1292 ἀπορουμέ-

76 1327 124 1368 νων
145 1303 235 1388 παρὰ
268 1298 429 1368 Πλάτωνι
461 1301 581 1383 λέξεων
616 1304 658 1369 ab
686 1304 798 1370 eodem
825 1304 952 1371 Millero
979 1306 999 1373 l.
1027 1306 1047 1371 l.
1076 1308 1162 1373 edito

79 1413 180 1490 petuo:
205 1399 263 1468 ἐπί
283 1397 417 1490 κόρρης·
439 1438 478 1455 -
501 1398 620 1489 κόρρην
644 1402 701 1487 τὴν
728 1402 878 1493 κεφαλὴν
901 1398 1093 1486 ὠνόμασαν,
1118 1400 1164 1482 ὡς

82 1498 194 1568 Πλάτων
214 1499 252 1568 ἐν
273 1499 399 1590 Γοργίᾳ
419 1508 464 1592 (p.
486 1504 598 1582 4860)
626 1501 683 1567 καί
704 1501 926 1591 Δημοσθένης
955 1500 989 1568 ἐν
1009 1509 1054 1589 τρὶ
1076 1500 1160 1569 κατὰ

83 1597 197 1668 Μειδίου
217 1603 323 1688 (ΧΧΙ,
348 1611 432 1683 147),
457 1597 490 1668 oi
512 1599 608 1669 δὲτὸ
629 1598 686 1666 ἐπί
708 1600 825 1690 κόρρης
846 1600 1035 1689 ἐξηγοῦνται
1055 1603 1094 1669 τὸ
1115 1598 1164 1682 είς

82 1699 134 1779 τοὺς
150 1699 291 1787 γνάθους
309 1699 512 1781 τύπτεσθαι,
536 1698 581 1780 ὡς
599 1697 793 1790 Ὑπερείδης
814 1699 848 1767 ἐν
868 1708 914 1788 τη)
937 1702 1020 1767 κατὰ
1043 1707 1163 1790 Δωρο-
1276 1752 1279 1757 -

84 1796 154 1864 δίου·
179 1796 330 1885 ῥαπίζειν
356 1795 455 1865 αὐτὸν
479 1797 675 1867 Ἱππόνικον
703 1801 786 1866 κατὰ
810 1799 944 1889 κόρρης,
968 1799 1084 1868 ἔπειτα
1106 1804 1163 1870 καί

81 1893 238 1979 Ἱππόνικος
255 1895 326 1966 ὑπ’
361 1895 577 1979 Αὐτοκλέους
603 1897 788 1988 ἐρραπίσθη
820 1901 881 1988 την
911 1898 1038 1986 γνοίδσν
1069 1915 1128 1970 eto.
1141 1908 1163 1984 ¹)

83 1996 177 2066 Horum
204 2012 351 2068 extrema
377 1997 494 2067 ἔπειτα
515 2039 558 2052 -
578 1997 865 2092 γνάδσναδηόσιίε
893 2002 1003 2069 verbio
1031 1998 1095 2087 ἐγώ
1127 1997 1159 2066 δ’

83 2089 128 2161 ὑπὸ
150 2097 268 2166 τούτων
294 2105 361 2165 τῶν
387 2105 506 2187 τριχῶν
528 2095 700 2188 εἱλκόμην,
723 2097 902 2178 κονδύλους
922 2096 1063 2184 ἔλαβον,
1089 2106 1160 2192 jam

83 2196 172 2266 dudum
190 2212 268 2267 notu
289 2209 382 2269 erant
403 2225 445 2268 ex
466 2203 735 2290 Harpocrationis
756 2202 862 2268 lexico
885 2203 935 2280 (fr.
961 2209 1041 2282 loo).
1068 2203 1162 2284 Quae

84 2318 133 2364 un
153 2301 313 2390 Didymus
342 2304 404 2386 eie,
434 2325 517 2389 quae
544 2325 630 2369 nova
656 2314 878 2386 accesserunt,
906 2304 1058 2368 continuo
1087 2304 1161 2368 oulr

85 2396 174 2486 jungat,
186 2411 330 2489 apparet
343 2403 407 2466 ista
421 2403 530 2467 omnia
543 2405 578 2466 in
593 2424 689 2467 unum
705 2402 876 2489 jungenda
889 2424 960 2467 esse
975 2403 1036 2468 hoo
1050 2403 1160 2468 modo:

90 2486 161 2564 δυσίν)
181 2499 244 2584 γὰρ
267 2493 444 2567 Αδτσκλία
466 2498 525 2565 τόν
545 2496 669 2585 ῥήτορα
684 2499 770 2582 πρὸς
787 2495 980 2567 Ἱππόνικον
992 2499 1050 2568 τὸν
1067 2504 1162 2567 Καλ-

89 2590 132 2661 λίου
147 2597 222 2682 περί
239 2595 362 2685 χωρίου
375 2600 465 2678 τινδς
481 2595 779 2690 ἀμφισβητήσαντα
791 2596 848 2664 καί
862 2595 1035 2684 λοιδορίας
1050 2594 1162 2679 αὐτοῖς

84 2697 223 2786 γενομένης
237 2695 388 2784 ῥαπίζειν
410 2695 511 2767 αὐτὸν
521 2695 715 2765 Ἱππόνικον
734 2695 792 2765 ε’πί
806 2694 932 2785 κόρρης.
946 2695 1063 2766 ἔπειτα
1079 2699 1159 2790 [καί]

80 2785 238 2877 Ἱππόνικος
263 2794 323 2864 ὑπ’
347 2793 565 2878 Αὐτοκλέους
591 2795 695 2882 μόνον
723 2794 912 2885 ἑρραπίιιδη
943 2798 999 2888 τὴν
1020 2798 1158 2883 γνάθον,

13 2956 21 2987 ,Ι
80 2885 121 2974 lyd
147 2898 180 2965 δί
208 2896 284 2964 ὑπὸ.
304 2895 428 2965 τούτων
454 2905 572 2985 τριχῶν
604 2894 779 2986 εἱλκόμην,
815 2895 994 2976 κονδύλους
1028 2896 1159 2982 ἔλαβον.
1210 2893 1212 2898 ’

10 2976 21 3089 ¹3
78 2989 200 3067 tuorum
227 3024 303 3066 oum
329 3004 376 3066 eie
406 3002 484 3066 faoit
518 3002 683 3090 Didymus
690 3049 710 3083 ,.
731 3003 787 3088 qui
815 3001 1030 3088 Hyperidem.
1047 3024 1160 3067 verum

18 3128 22 3163 ι
59 3102 202 3167 ἲῠαιιιοιιίε
222 3103 258 3166 in
278 3101 482 3167 Dorotheum
504 3110 669 3166 auctorem
689 3123 769 3166 esse*
784 3110 986 3166 censuerunt.
1122 3118 1125 3122 ·

10 3170 22 3274 ξ’
133 3194 247 3286 κρόνσς
260 3201 377 3279 ir.·252
390 3195 566 3282 τιμωρός.
582 3201 745 3287 ,quonium
759 3201 1002 3288 antiquissimus
1018 3202 1159 3266 omnium
1222 3266 1225 3274 Α

10 3294 18 3333 '³
72 3286 183 3366 deorum
203 3301 335 3366 habitus
355 3301 418 3366 fuit
438 3311 471 3366 et
499 3303 601 3388 prisci
623 3299 776 3365 mortales
799 3305 855 3386 qui
877 3299 936 3365 sub
958 3300 1090 3366 Saturni
1109 3323 1159 3366 re

66 3426 255 3457 N*-

120 3519 318 3587 1),οεελιξιις
340 3517 374 3571 δε
393 3512 513 3587 Didyme
537 3515 659 3593 seroient
679 3532 735 3570 une
758 3511 923 3569 deoouverte
944 3511 1159 3586 inappreoiuble,

64 3589 162 3655 linono
182 3603 222 3656 les
238 3603 335 3658 avions
354 3599 513 3672 completos.
549 3600 642 3672 'Pelles
660 3600 774 3671 qu¹elleo
792 3605 867 3667 eont,
886 3599 952 3653 elles
972 3605 1082 3654 servent
1098 3615 1159 3654 sou·

62 3680 122 3737 'ent
136 3681 153 3740 t
167 3685 291 3744 deloiroir
308 3686 349 3742 leo
365 3691 494 3758 γλῶσσαι
513 3688 695 3743 Πλατωνικοὶ
714 3679 777 3754 dejt
796 3699 926 3738 eonnues.
950 3683 1031 3760 Deux
1049 3683 1158 3739 articles

63 3765 217 3842 Quendam,
241 3759 288 3835 eit
308 3771 410 3846 κόρρης
433 3774 462 3824 et
479 3769 736 3843 περισγειρόμενοι,
759 3769 915 3840 peruissent
933 3767 1011 3839 avoir
1027 3764 1158 3821 conserve

66 3832 121 3902 lem
135 3849 215 3910 formo
232 3854 385 3928 primitive„
398 3853 432 3907 de
449 3849 537 3906 meme
555 3869 608 3922 que
626 3852 655 3906 la
666 3852 706 3906 fin
719 3849 737 3906 u
748 3853 837 3923 partit
849 3852 883 3906 de
895 3850 1012 3925 κρούειν,
1030 3868 1158 3906 moroeou

63 3925 105 3990 lui
122 3943 156 3991 est
172 3937 221 3994 tire
240 3939 312 3994 d'un·
325 3934 426 4010 expose
448 3954 536 4009 oonou
563 3942 592 3990 et
615 3937 729 3992 oonduit
755 3941 909 3991 outrement
931 3951 984 4005 que
1008 3934 1049 3988 leo
1065 3933 1157 4006 prece

68 4004 145 4071 ‘lente‘
160 4027 242 4079 verbu
258 4027 325 4078 sunt
340 4023 441 4077 Milleri
458 4022 475 4078 l.
493 4023 511 4076 l.
528 4039 556 4091 p.
575 4026 632 4076 386.
