2836 4784
437 347 472 405 de
489 347 608 405 dialecto
623 349 811 406 Locrensium.
1119 355 1179 421 247

131 509 238 582 loeta
260 517 320 593 (ib.
341 519 468 597 523331)
510 518 548 583 13
570 509 657 582 ἱστία
679 519 779 606 (Hyp.
804 525 853 598 16)
873 518 908 581 f
925 518 1180 606 exspectandum

131 626 156 682 u:
173 617 314 703 Hesyoh.
337 612 452 699 yterio.

155 716 275 781 Vocum
298 739 381 803 quse
400 717 435 780 f
443 719 619 782 instructae
635 717 795 802 leguntur,
818 739 873 782 eas
892 719 982 803 prius
1003 716 1179 782 recensebo

131 838 155 880 ae
174 818 271 880 etiam
294 816 429 881 3111113Γ
446 817 573 882 habent.

153 914 323 991 καταιΓεί,
352 915 455 1002 (Hyp
475 921 506 992 4)
537 899 984 997 alfatino.l.1;sed
964 910 1023 992 αές
1051 917 1086 980 13
1112 916 1178 982 tab.

131 1013 195 1079 rael.

154 1108 300 1188 Fccorrig
334 1113 434 1194 (On.)
469 1115 508 1178 of.
537 1108 759 1196 Γασστύοχος,
793 1115 942 1200 Tegeat,
974 1114 1011 1181 0.
1033 1115 1058 1178 Ι.
1091 1120 1179 1196 1520,

131 1208 220 1298 copo]
246 1213 381 1299 Corcyr.
405 1212 440 1278 C.
464 1211 489 1280 I.
511 1219 565 1296 20,
594 1207 897 1292 Γαστυμειδοντίω,
920 1213 1100 1300 Acraeph.,
1122 1213 1179 1276 Ul·

131 1308 303 1394 1131333333
323 1311 392 1376 aad
416 1311 535 1375 rosch.
557 1335 631 1399 pag.
647 1318 716 1394 247,
739 1307 883 1388 fourrer
905 1315 936 1390 (i.
959 1333 986 1377 3.
1012 1306 1173 1453 Fciovewg)

131 1410 497 1477 Maolffifflau

154 1506 264 1586 feror,
290 1511 390 1597 (Hyp.
415 1516 462 1592 13,
483 1515 534 1586 33)
557 1511 655 1574 etiam
675 1511 709 1573 in
731 1511 808 1574 Her.
831 1510 897 1574 t.ab
921 1518 952 1573 et
971 1510 1054 1575 foed.
1079 1512 1178 1578 Eleo:

131 1605 182 1673 bus
205 1608 363 1674 accedunt
383 1609 495 1674 Boeo
473 1618 537 1673 rea
561 1603 674 1690 fisso,
697 1610 767 1675 CUI
785 1616 914 1676 150933
930 1604 1176 1687 fructificus,

133 1705 154 1772 l.
177 1715 265 1775 1575.

151 1800 266 1882 Γίδιος
295 1801 499 1885 (fidedictor
537 1807 595 1874 Oz.
631 1815 697 1886 12):
741 1808 807 1873 tab.
849 1807 978 1872 Heracl.
1025 1808 1179 1874 exhibent

131 1897 183 1968 lior
212 1915 283 1988 333,
317 1916 385 1971 tum
414 1900 533 1970 Ῐίδιον
560 1909 667 1972 33313
700 1907 826 1972 duobus
859 1907 961 1972 titulis
989 1908 1178 1991 Coronaeis,

131 2005 211 2072 331313
233 2006 289 2070 der
310 2005 378 2071 1303
402 2005 603 2072 3331331133.
625 2006 655 2072 d.
686 2007 786 2088 Wiea,
810 2013 898 2088 1851,
922 2029 997 2093 pag.
1010 2013 1080 2074 200.
1113 2009 1178 2073 Re·

131 2116 196 2172 :est
216 2106 291 2170 osc.

151 2204 302 2280 soiitos
292 2228 326 2269 rn
347 2205 536 2269 derivativis
559 2198 748 2281 suffossos,
765 2204 985 2322 pscofocneiv
1000 2215 1058 2271 etc.
1081 2229 1179 2294 saepe

131 2303 380 2400 utroquetitulo.
425 2296 941 2381 Τ31).Η31·331.1131)333οικιά,
971 2300 1178 2383 etinoimo3

131 2409 174 2467 tus
205 2413 276 2468 tant
278 2427 331 2467 um
367 2404 400 2466 in
430 2397 654 2483 ἑπιοικοδομά
691 2403 838 2468 demens
826 2413 892 2468 rat
920 2405 1179 2470 recordationem

132 2505 273 2566 animatis
298 2525 360 2566 non
383 2524 515 2588 prorsus
539 2504 719 2568 evanuisse.
752 2503 907 2567 fantem
930 2507 1032 2568 estin
1055 2515 1179 2570 tessera

131 2598 241 2682 iliensi,
265 2600 341 2667 (tl.
361 2609 388 2682 4,
410 2594 469 2661 τὰν
489 2594 640 2685 Ἐοικίαν,
663 2612 695 2667 33
715 2596 849 2664 focio
841 2628 874 2666 1n
895 2603 1055 2668 nonnullis
1077 2605 1179 2670 Boeo-

131 2720 183 2765 sa
200 2699 430 2785 Savelsbergio
452 2699 505 2778 (de
528 2700 682 2786 digamm.
704 2725 779 2788 pag.
803 2707 835 2782 5)
858 2702 1017 2784 collectis,
1041 2703 1179 2790 denique

131 2792 275 2863 lifotuot
296 2799 331 2862 in
350 2798 496 2885 Argivis,
518 2799 553 2865 C.
573 2800 599 2865 Ι.
624 2808 660 2867 19
683 2812 716 2865 33
739 2809 805 2867 14.-
1074 2836 1076 2841 ’

151 2897 334 2983 Sequuntur
365 2901 507 2986 quinque·
542 2899 701 2966 vocabula
729 2923 813 2987 quae
839 2902 872 2964 in
901 2899 973 2964 aliis
1002 2901 1103 2964 titulis
1131 2900 1179 2965 di·

131 3008 235 3076 nmate
249 3020 313 3062 non
336 3000 547 3065 instruuntur.
875 3016 880 3024 ·

151 3090 339 3177 Ρεσπάριος
359 3098 460 3184 (Hyp.
487 3103 550 3180 10),
574 3099 613 3162 31.
637 3093 783 3183 φέσπερε
804 3100 837 3163 13
860 3099 983 3185 Sapph.
1003 3100 1118 3185 fragm.
1140 3107 1179 3166 95

131 3195 217 3277 'gk³.,
240 3205 276 3260 ut
298 3198 451 3282 scriptum
476 3208 525 3261 est
546 3199 580 3262 in
601 3198 709 3283 Etym.
732 3197 829 3279 Gau,
851 3197 930 3261 nhr.
954 3197 1044 3263 Aeol.
1068 3206 1117 3267 32.

146 3289 368 3380 feforipaow
394 3297 494 3382 (Hyp.
518 3304 579 3379 38),
601 3298 686 3362 unde
709 3306 847 3383 apparet
863 3297 988 3362 Locros
1009 3291 1174 3375 Γανόάνω,

132 3389 211 3470 (lov,
241 3395 294 3460 vel
320 3387 476 3458 &Trauos
504 3396 611 3473 (Hom.
637 3387 783 3475 3113033),
818 3391 920 3472 faleg
946 3400 1179 3484 pronuntiasse.

131 3560 273 3574 Q—

131 3660 178 3726 39)
196 3661 325 3718 Fortasse
348 3661 467 3730 adjicere
490 3660 606 3716 debeam
626 3661 709 3730 ὅρκος
731 3661 801 3730 (On,
819 3663 915 3734 Hyp),
938 3662 1020 3716 modo
1043 3666 1180 3716 1333333-

131 3745 209 3814 313,
229 3762 292 3798 cum
310 3744 396 3812 ἕρκος,
416 3744 500 3798 arad
528 3764 579 3799 vor
601 3737 783 3799 derivandum¹
804 3763 864 3800 3333
899 3746 1019 3813 (833333
1044 3764 1107 3813 oar,
1130 3747 1180 3799 cir-

131 3826 203 3897 iare,
221 3834 323 3899 tegere,
343 3826 423 3882 Goth.
435 3829 568 3897 var-jun),
585 3847 656 3898 quae
673 3847 723 3899 per
739 3830 791 3886 litt.
812 3832 831 3882 k
849 3835 876 3884 et
893 3848 913 3900 g
932 3833 1015 3882 33333
1031 3826 1081 3882 1133
1097 3830 1189 3883 modo·

131 3909 155 3981 k,
167 3913 242 3967 unde
256 3913 340 3983 ἕρκος,
356 3910 445 3981 ὅρκος,
464 3912 511 3977 (cf.
526 3904 633 3968 Senscr.
646 3902 728 3982 carli,
745 3916 853 3983 curket,
866 3914 981 3983 tegere),
993 3912 1074 3974 modo
1087 3932 1176 3983 var-p,

131 4011 173 4052 tcr.
192 3995 271 4066 varp',
291 3994 339 4050 Gr.
360 3999 452 4066 εἵργω,
470 4000 520 4051 333.
556 3996 597 4052 cf.
616 3998 753 4071 ἐπίορκος.
