2836 4784
243 117 304 178 ane
409 95 412 102 ’
756 109 840 164 ωιτη

238 269 443 357 urus-av,
466 267 668 358 Ἀλκμέ-ων,
689 269 851 359 Ἀλκμάν,
882 278 917 343 id
943 276 1125 365 dijudicare
1153 275 1228 343 nolo
1256 276 1289 340 in
1309 295 1397 340 ine

241 379 396 467 recipere.

325 477 552 559 Productione,
573 479 601 542 si
621 479 787 565 vulgarem
804 479 963 545 duntaxat
980 485 1165 564 spectamus
1187 479 1381 545 rationem

245 589 265 641 ᾶ
289 586 394 642 ortum
415 580 518 642 estin
541 578 616 666 Opt.
638 579 715 645 Aor.
739 573 882 642 συλάσαι
904 577 974 654 (Οτ.
998 585 1039 660 6),
1066 578 1126 642 Ins.
1149 578 1407 647 καταστᾶσαι

243 678 345 764 (Hyp.
367 683 429 760 34),
452 688 621 764 praeterea
643 681 676 743 in
700 673 825 764 ἡβᾱτάς
847 680 947 764 (Hyp.
971 685 1028 756 7.):
1058 689 1172 743 eontra
1199 679 1235 743 in
1257 699 1409 758 μετοι-

246 770 421 852 Ῐοικιάτας
443 777 542 865 (Hyp.
557 788 618 862 44),
636 803 773 867 quocum
796 779 943 845 conferas
965 779 1063 843 Ionio.
1079 769 1238 864 οἰκιήτης,
1265 779 1409 865 stirpi

245 876 343 942 snbst.
376 871 489 940 Γοικίᾶ
520 881 657 943 accessit
689 879 895 967 simpliciter
909 876 980 942 suff.
1012 898 1070 943 aa:
1103 877 1143 942 cf.
1177 875 1219 943 G.
1255 876 1409 951 Curtii

245 976 389 1042 libellum
413 976 453 1042 de
474 980 637 1044 nominum
661 979 716 1044 Gr.
739 980 942 1060 formatione,
966 1000 1042 1064 pag.
1065 983 1093 1042 5.

327 1075 450 1141 Verum
482 1078 548 1143 noli
582 1090 697 1164 putare
727 1102 786 1144 nos
811 1088 945 1166 propter
973 1100 1038 1142 acc.
1074 1069 1210 1157 πατάρα
1250 1098 1411 1145 neces-

246 1176 333 1241 sario
373 1178 446 1262 cogi
480 1186 516 1243 ut
545 1201 709 1243 sumamus
745 1182 843 1244 etiam
880 1201 963 1243 nom.
997 1173 1143 1259 accde„
1172 1177 1409 1247 Memineris

246 1275 393 1341 Graecos
418 1299 484 1340 non
510 1279 598 1363 ipsos
624 1280 859 1343 nominativum
887 1301 908 1342 a
935 1279 1037 1364 stirpe
1057 1278 1235 1342 formasse:
1267 1279 1406 1345 immo

247 1397 326 1440 vero
357 1396 513 1462 accepere
546 1400 588 1441 ex
621 1380 782 1442 communi
808 1377 1009 1442 haereditate
1038 1376 1170 1462 longam
1202 1377 1237 1440 in
1264 1391 1404 1460 petar

249 1479 386 1551 (sanser.
401 1475 545 1558 priate»,
574 1477 607 1540 in
623 1484 776 1562 pataram
794 1477 927 1542 brevem
950 1477 1108 1542 vocalem:
1137 1475 1216 1561 quid
1245 1477 1399 1540 mirum

247 1575 275 1638 si
306 1572 395 1638 illam
428 1578 623 1641 mutaverint
656 1578 717 1642 hac
744 1576 910 1663 paulisper
945 1571 1097 1640 servata?
1139 1575 1184 1639 Et
1213 1576 1390 1662 profecto

245 1673 352 1738 forma
374 1669 529 1760 δικαστήρ
551 1675 648 1740 fidem
670 1677 749 1740 facit
764 1676 887 1740 Locros
902 1670 1010 1760 πατήρ
1032 1697 1105 1739 curn
1126 1677 1243 1740 ceteris
1261 1673 1390 1738 Grae-

247 1775 294 1838 cis
316 1776 552 1860 pronuntiasse.

332 1881 359 1939 2.
393 1877 433 1936 H
450 1874 536 1962 quod
556 1883 605 1938 est
626 1876 659 1938 in
682 1876 799 1941 suffixo
821 1898 878 1960 τηρ
901 1873 1117 1957 (δικαστῆρας
1135 1873 1225 1961 Hyp.
1235 1879 1298 1952 33),
1319 1872 1383 1936 ita

250 1982 299 2036 est
319 1972 564 2059 intelligendum
587 1985 622 2039 ut
643 1986 755 2040 natum
779 1976 820 2040 sit
842 1998 883 2039 ex
906 1985 935 2054 ᾶ,
958 1973 993 2038 id
1015 1983 1124 2038 tamen
1144 1983 1212 2037 tarn
1233 1975 1378 2058 antiquo

251 2080 395 2159 tempore
416 2075 538 2139 facturn
561 2097 631 2139 csse
653 2085 689 2139 ut
710 2098 870 2160 nusquam
885 2073 973 2160 apud
989 2072 1134 2138 Graecos
1148 2082 1209 2154 τᾰρ
1226 2072 1373 2136 sonaret

251 2171 335 2235 Nam
352 2171 477 2237 Dorica
494 2183 526 2238 et
537 2173 671 2238 Aeolica
685 2182 892 2238 monumenta
908 2196 1010 2261 aeque
1030 2180 1126 2258 atque
1139 2172 1252 2237 Ionica
1269 2183 1370 2258 quum

251 2264 372 2352 σωτήρ,
394 2266 528 2356 κρατήρ,
558 2282 626 2338 tum
649 2267 877 2358 δικαστήριον,
902 2265 1064 2357 σωτηρία,
1087 2265 1314 2355 ε’ττικριτὴριον
1338 2269 1370 2326 et

252 2369 370 2434 similia
383 2371 547 2449 adhibent,
570 2373 610 2437 de
633 2373 749 2460 quibus
766 2372 913 2438 consulas
931 2372 1011 2437 Ahr.
1024 2369 1116 2435 Aeol.
1133 2376 1182 2452 87,
1198 2369 1281 2434 Dor.
1298 2367 1368 2434 145·

250 2468 348 2548 Quod
368 2470 423 2535 ille
445 2472 610 2537 existimat
643 2473 747 2558 hoco
778 2471 820 2537 ab
851 2474 1045 2557 soriginem
1067 2469 1203 2552 habere,
1231 2469 1267 2533 id
1288 2456 1369 2532 mihi

250 2592 315 2634 non
335 2571 516 2656 persuadet.
539 2573 633 2636 Nam
657 2575 684 2637 si
707 2587 937 2660 comparantur
958 2571 1088 2636 Sanscr.
1110 2568 1282 2647 datar-am,
1308 2566 1368 2631 Gr·

252 2665 403 2755 δοτῆρ-α,
428 2671 500 2736 Lat.
517 2671 677 2754 dator-em,
700 2683 838 2760 apparet
860 2667 1221 2758 productambvocalem
1236 2670 1307 2754 jam
1324 2651 1373 2729 ad

250 2767 553 2854 Indogermanicam
581 2782 720 2837 aetatem
747 2773 918 2858 pertinere.
966 2771 1121 2835 Attamen
1147 2790 1214 2832 non
1241 2777 1298 2831 est·
1315 2779 1375 2829 ne·

251 2868 360 2952 ganda
383 2871 547 2934 artissima
576 2872 764 2937 suffixorum
787 2885 838 2938 tor
859 2880 890 2934 et
912 2877 963 2936 τᾶν
983 2869 1135 2950 affinitas,
1157 2878 1194 2932 ut
1213 2875 1304 2954 patet
1325 2871 1382 2929 62³

253 2965 383 3033 Sanscr.
405 2968 464 3034 loc.
487 2969 603 3052 datori,
627 2970 684 3035 Gr.
705 2971 778 3036 fem.
800 2964 944 3052 δότειρα,
965 2971 986 3033 i.
1008 2992 1033 3033 e.
1056 2966 1221 3049 1δοτερ-Ῐοις
1243 2970 1390 3030 ιιθοηαῐ]

252 3089 293 3130 ex
328 3067 484 3153 stirpibus
513 3071 547 3132 in
569 3092 626 3151 τορ
660 3061 1116 3155 (οἰκιξτοροςὲοίκητῇρος);
1151 3067 1179 3130 si
1211 3067 1262 3130 vis
1296 3065 1401 3130 ταώ

253 3165 459 3233 Schleiohero
482 3181 532 3235 tar
553 3176 637 3235 ator
652 3193 710 3258 per
732 3171 976 3256 productionem
991 3167 1162 3248 deducere,
1182 3165 1231 3230 nil
1246 3171 1391 3232 moro(
1404 3159 1412 3199 ⁸·

242 3260 315 3331 ⁸hoe
339 3275 463 3332 tantum
486 3291 558 3353 ago,
580 3270 825 3356 productionem
850 3273 920 3358 jam
943 3268 1119 3354 antiquitus
1141 3265 1263 3329 factum
1287 3261 1415 3329 essff

252 3376 320 3431 turn
341 3367 376 3430 in
401 3365 529 3432 Graeca
551 3367 661 3454 lingua
681 3384 732 3436 tor
752 3372 786 3434 in
808 3392 876 3454 τηρ,
901 3391 966 3449 τωρ
989 3369 1072 3446 (Lat.
1094 3371 1162 3446 tor),
1185 3371 1237 3430 τᾶν
1252 3367 1286 3428 in
1301 3359 1415 3445 aa?

252 3487 309 3543 τορ
338 3465 466 3532 abiisse.
516 3468 700 3533 Notandum
734 3480 782 3533 est
809 3468 889 3533 illud
919 3459 1076 3551 ὄτκαστήρ
1106 3487 1166 3552 pro
1197 3459 1415 3547 δικαστήῷ

254 3564 340 3651 quod
366 3564 547 3651 Ahrensius
576 3568 619 3632 ad
648 3569 877 3654 einplicandam
908 3569 1045 3633 formam
1075 3557 1286 3648 δικαστήριον
1313 3559 1415 3626 ἀεί

255 3663 431 3747 siderabat,
453 3689 538 3731 nunc
554 3678 684 3754 praesto
699 3691 777 3733 esse.
810 3668 1038 3732 Permutantur
1051 3664 1132 3729 haec
1148 3663 1266 3728 suffixa
1283 3663 1358 3725 inte
1391 3664 1415 3696 ⁵

254 3788 288 3830 se
302 3767 336 3829 in
348 3757 601 3852 ὀρχηστήρ-τής,
618 3759 865 3854 ἀθλητῆρ-τής,
885 3757 1122 3851 αὐλητὴρ-τής,
1140 3756 1249 3848 ἰυκτήρ
1264 3748 1415 3839 (Orod
