2836 4784
154 361 192 423 70
681 354 743 407 sau

152 520 233 586 haec
255 544 382 607 semper
404 530 541 607 tempus,
564 521 629 586 alia
650 522 782 610 quidem
803 524 1040 610 praecipitans,
1064 521 1130 586 alia
1152 545 1262 586 rursus

154 621 281 705 erigens
303 620 388 685 diem
419 644 460 686 ex
484 620 537 686 die
566 646 590 688 s.
621 622 755 706 singulis
789 622 902 688 diebus
935 624 956 687 i.
979 645 1006 687 e.
1032 621 1097 708 Toy
1115 621 1175 706 fiir
1201 619 1264 707 Ταρ

152 719 222 796 (sed
244 718 334 785 nulla
360 723 486 786 ratione
516 720 700 806 significare
723 731 830 806 potest
850 736 927 807 post
945 747 1045 786 onum
1066 720 1159 804 dt'ern,
1182 742 1263 807 quae

153 829 202 884 est
234 819 374 885 Nauokii
402 823 650 907 interpretatio).
702 819 867 886 Confiteor
902 845 953 886 me
982 821 1264 886 vehementissime

104 928 107 933 ’
153 918 320 984 dubitasse
348 944 427 985 num
456 919 648 1006 Sophoclem
679 920 840 986 locutione
867 914 949 1002 παρ’
989 911 1076 1006 ἦμαρ
1104 920 1265 984 sententia

153 1018 333 1083 adverbiali
355 1044 450 1085 usum
473 1044 544 1085 esse
566 1031 680 1106 putare
701 1019 812 1100 liceat3
832 1043 936 1108 neque
957 1020 1062 1086 locum
1078 1014 1264 1082 Aristotelis

152 1117 237 1195 (hist.
267 1121 364 1183 anim.
393 1127 449 1186 571
483 1144 503 1184 a
530 1126 582 1198 21)
609 1119 665 1183 ubi
690 1111 774 1199 παρ’
808 1113 932 1204 ἡμέραν
958 1118 1071 1186 eode'm
1100 1116 1264 1181 intellectu

152 1227 347 1302 usurpatum
367 1228 425 1299 est,
448 1218 682 1284 dubitationem
706 1219 889 1302 sustulisse3
908 1241 1023 1282 verum
1035 1217 1127 1281 locus
1143 1217 1264 1302 Lysiae

153 1314 334 1381 simillimus
356 1317 458 1381 XXX
481 1325 514 1384 21
544 1318 748 1402 probandam
778 1341 848 1383 esse
876 1317 1011 1383 (lauteri
1041 1318 1264 1382 coniecturam

152 1413 279 1478 videtur
294 1415 516 1482 demonstrare
537 1408 575 1492 ὃς
591 1413 624 1480 ἔν
645 1416 737 1481 δυοῖν
756 1413 843 1480 ἐτοῖν
860 1411 966 1479 πλείω
982 1407 1043 1500 ἤδη
1057 1418 1116 1477 τοῦ
1134 1410 1268 1490 δέοντος

154 1507 284 1575 δώδεκα
308 1511 486 1591 ταλάντοις
515 1509 676 1592 ἀνάλωσε,
711 1509 793 1602 παρ’
819 1511 957 1579 ἕκαστον
978 1510 1015 1578 δὲ
1034 1511 1093 1577 τὸν
1113 1509 1268 1605 ε’νιαιπὸν

153 1606 360 1697 ἐπεχείρησεν
386 1609 425 1694 ἓξ
447 1608 624 1693 ταλάντοις
652 1612 709 1703 τὴν
734 1610 836 1680 πόλιν
864 1613 1028 1701 ζημιῶσαι
1049 1615 1070 1680 i.
1094 1637 1120 1678 e.
1143 1616 1178 1678 in
1203 1615 1262 1678 sin·

153 1710 245 1795 gulos
269 1736 380 1777 annos.

236 1811 365 1900 Reliqui
387 1837 474 1901 quos·
490 1815 577 1902 apud
601 1816 777 1900 scriptores
792 1814 917 1879 Atticos
938 1813 1027 1877 locos
1045 1814 1187 1898 repperi,
1208 1811 1263 1877 ubi

152 1904 245 1990 παρά
268 1934 341 1976 cum
365 1916 551 1980 accusativo
574 1915 818 1979 alternationem
832 1911 956 1977 indicat
976 1912 1009 1976 hi
1026 1922 1112 1976 sunt:
1143 1910 1262 1975 Xanth.

152 2011 225 2085 πῶς
245 2001 303 2073 οὖν
324 2015 496 2091 βασανιεῖς
518 2012 562 2077 να)
579 2008 733 2088 δικαίως,
755 2014 852 2077 Aeac.
868 2004 1005 2095 ῥηιδίως·
1028 2002 1156 2095 πληγην
1172 2006 1261 2086 παρὰ

151 2106 279 2195 πληγὴν
307 2104 462 2195 ἑκάτερον
493 2115 593 2179 Arist.
621 2113 702 2177 Rau.
734 2116 804 2179 643.
858 2107 949 2190 παρὰ
980 2103 1014 2172 δ’
1040 2103 1147 2206 ἄλλαν
1177 2101 1262 2171 ἄλλα

151 2209 252 2290 μοῖρα
285 2207 400 2274 διώκει
432 2213 512 2278 Eur.
544 2212 711 2277 Heraclid.
742 2218 813 2278 611.
854 2206 940 2291 μέγα
973 2232 1006 2273 τι
1038 2203 1146 2294 ἡμέρα
1180 2199 1259 2288 παρ’

151 2300 273 2391 ἡμέραν
305 2307 494 2394 γιγνομένη,
535 2307 665 2397 γνώμην
692 2307 729 2388 ἐξ
757 2303 857 2397 ὀργῇς
884 2311 1085 2394 μεταστῆσαι
1120 2305 1177 2370 καὶ
1210 2303 1264 2392 τὴν

152 2399 323 2490 ἀλήθειαν
348 2404 455 2489 εὑρεῖν
474 2413 540 2472 τῶν
561 2401 781 2496 γεγενημένων
801 2409 933 2496 Antiph.
955 2409 987 2473 V
1010 2415 1058 2474 72.
1078 2400 1262 2470 οἷντικαια-

151 2500 311 2583 τείναντες
328 2506 474 2590 λέγωμεν
496 2501 584 2594 αὐτῷ
605 2504 705 2592 λόγον
726 2507 818 2588 παρὰ
834 2497 934 2591 λόγον
946 2508 1029 2573 Plat.
1047 2530 1134 2594 resp.
1151 2507 1262 2575 34811.

153 2604 291 2692 Saepius
314 2608 371 2672 sed
393 2609 481 2696 apud
503 2612 700 2675 recentiores
722 2619 845 2674 tantum
868 2610 1043 2694 scriptores
1066 2606 1155 2671 velut
1176 2603 1262 2693 apud

74 2762 76 2766 ,
151 2705 362 2773 Plutarchum
389 2715 452 2786 (ex.
478 2733 527 2794 gr.
555 2712 612 2774 vit.
640 2710 701 2794 Ag'.
727 2709 761 2773 Π
783 2715 824 2790 5),
853 2709 1032 2772 Lucienum
1061 2707 1115 2783 (de
1141 2727 1264 2770 conscr.

152 2804 246 2887 hist),
271 2807 706 2894 Alciphronem(H143,2;
730 2813 779 2888 66,
802 2814 844 2888 3),
867 2806 1012 2874 sedium
1035 2805 1124 2891 apud
1137 2804 1262 2869 Aristo·

151 2905 245 2969 telem
275 2907 380 2981 (Polit.
406 2907 555 2974 1261b4
583 2910 622 2974 cf.
644 2907 847 2972 Euckenium
877 2905 917 2969 de
947 2926 1059 2990 praep.
1088 2927 1149 2967 usu
1177 2901 1263 2988 apud

151 3003 252 3083 Arist.
272 3028 303 3090 p.
326 3011 385 3079 59.)
428 3003 521 3088 παρὰ
548 3003 649 3088 μέρος
676 3009 722 3072 ita
756 3016 933 3095 usurpatur
960 3014 995 3068 ut
1029 3002 1191 3087 significet
1221 3000 1263 3063 ol·

60 3149 64 3154 .
152 3104 249 3164 ιανπίε
269 3103 407 3184 sababum
436 3105 476 3170 de
498 3130 562 3194 quo
589 3129 651 3171 usu
671 3106 916 3173 accuratissime
938 3113 970 3168 et
989 3102 1179 3167 acutissime
1201 3099 1262 3163 dis·

153 3204 281 3284 putavit
297 3200 343 3285 C.
362 3203 399 3266 F.
422 3204 630 3270 Hermannus
661 3204 703 3269 ad
725 3205 804 3269 Luc.
832 3203 872 3268 de
901 3226 1024 3267 consor.
1046 3201 1119 3264 hist.
1141 3223 1173 3287 p.
1198 3204 1223 3264 7.
1245 3204 1262 3264 9

151 3296 235 3362 Adn.
259 3298 297 3362 cf.
319 3300 402 3365 Plut.
423 3302 505 3367 Mor.
531 3301 598 3371 106.
621 3305 650 3368 Ε
688 3306 786 3366 τοῦτο
808 3296 844 3366 (ἐν
865 3294 945 3378 παρ’
966 3293 1007 3384 ἓν
1027 3300 1138 3361 ποιεῖν
1166 3289 1263 3359 ἀδια-

153 3390 296 3473 λείπτως
328 3398 437 3485 ibique
468 3403 496 3467 F
543 3397 561 3467 ὃ
588 3399 667 3482 περὶ
693 3396 779 3486 ἡμᾶς
806 3395 880 3486 ἀὴρ,
911 3393 946 3463 (ἐν
973 3390 1056 3480 παρ’
1082 3390 1119 3462 ἓν
1140 3391 1263 3484 ἡμέραν

28 3548 33 3556 .
151 3492 207 3559 καὶ
229 3490 328 3560 νύκτα
351 3502 460 3562 ποιων
481 3504 502 3565 i.
524 3524 550 3566 e.
573 3501 707 3566 alternis
729 3500 865 3565 vicibus.

233 3597 264 3660 A
287 3597 522 3683 significatione
544 3601 768 3666 alternationis
783 3601 930 3685 proxime
949 3598 1042 3662 abest
1062 3595 1261 3662 ι’πλονναιὲεειῖν

151 3696 203 3759 πίε
223 3696 275 3760 vel
298 3697 439 3762 σίιανπαε
459 3700 641 3764 carnosa
666 3699 847 3763 intellectus
874 3721 968 3785 quem
995 3690 1088 3777 παρά
1118 3719 1192 3760 cum
1213 3716 1260 3759 ac-

152 3798 299 3862 cusativo
321 3799 529 3862 coniunctum
552 3797 839 3885 apudscriptores
867 3799 1029 3862 inferioris
1052 3798 1168 3860 aetatis
1190 3790 1261 3858 inde

152 3893 194 3957 ab
227 3895 404 3961 Aristotele
435 3919 677 3985 nonnumquam
709 3896 826 3980 habet,
864 3899 955 3962 cuius
996 3919 1073 3962 usus
1111 3895 1176 3958 tria
1209 3913 1259 3977 ge

150 4016 230 4058 nera
253 4006 341 4064 sunt:
