2836 4784
493 379 527 434 de
545 380 661 436 dialecto
678 382 870 438 Locrensium.
1180 390 1240 454 257

159 559 220 614 terea
247 547 313 615 tab,
341 549 420 614 Her.
448 549 570 615 hahent
596 544 690 633 ἱαρός
721 552 938 616 consentiente
966 551 1042 620 Lac.
1074 551 1110 616 C.
1137 551 1163 616 I.
1191 557 1235 619 ta

159 647 283 712 Similiter
306 639 385 729 ὅρος
407 645 501 728 (finis,
524 649 562 714 cf.
584 651 652 717 Iou.
676 640 786 732 οὖρος)
810 653 912 714 estin
934 650 1159 733 tab.Heracl.,
1183 651 1241 716 scd

160 748 279 832 incippo
302 745 488 835 Corcyraeo
510 750 638 815 videtur
661 772 731 814 csse
755 743 854 827 30le
881 749 1081 834 (Bergnrann
1104 749 1122 814 l.
1146 757 1188 827 c.)
1209 760 1241 814 et

161 847 667 931 ΟΡΒΟΣΙΑΡΟΥΚΑΙΟΣΙΟΥ,
700 848 736 916 O.
758 848 783 911 I.
810 854 902 925 1999,
929 849 963 912 in
986 848 1086 913 altero
1107 847 1240 935 Corcyr.

158 947 227 1032 cippo
254 945 438 1012 litteratura
467 949 625 1012 recentior
656 947 785 1034 legitur,
820 969 921 1033 quare
952 947 1030 1011 nihil
1064 971 1237 1034 possumus

158 1044 183 1108 dc
219 1047 332 1131 spiritu
381 1047 480 1111 trium
535 1046 706 1112 dubiorum
758 1045 988 1111 vocabulorum
1037 1046 1239 1112 concludere.

153 1134 240 1218 'loros
259 1157 329 1210 erat
350 1147 553 1232 antiquorum
575 1146 771 1231 Argivorum
793 1144 841 1222 (O.
863 1145 887 1209 Ι.
910 1152 950 1227 2),
974 1137 1068 1222 ἴκκος
1090 1147 1238 1211 Tarenti-

157 1267 248 1325 norum,
269 1237 348 1332 ἰπνή
371 1244 540 1331 (Hesych.)
563 1244 804 1326 Siceliotarum‚
830 1244 886 1308 sed
909 1256 1066 1332 quatenus
1086 1244 1167 1310 lenis
1190 1269 1238 1311 ce-

157 1344 210 1406 teris
236 1344 452 1408 Doriensibus
482 1344 523 1407 sit
551 1343 759 1424 tribuendus,
791 1343 960 1409 nescimus.
1000 1338 1081 1420 Ἕιός
1112 1344 1238 1409 videtur

155 1440 266 1506 solorum
278 1441 525 1507 Atheniensium
542 1466 627 1518 esse;
648 1444 754 1508 Dores
767 1452 853 1507 certe
868 1433 966 1519 olFolg
982 1444 1142 1527 dicebant,
1159 1443 1238 1509 Ahr.

153 1537 210 1605 lior.
231 1546 277 1608 49.

213 1675 282 1739 Non
304 1674 403 1759 igitur
418 1675 573 1738 miramur
589 1674 712 1739 Locros
730 1677 901 1761 scripsisse
917 1676 950 1739 in
966 1677 1122 1741 ambobus
1137 1678 1237 1741 titulis

153 1763 256 1863 dpc'po,
286 1765 492 1853 αι’·τάμαρον,
523 1784 599 1855 eto,
630 1797 824 1861 quamquam
855 1775 894 1838 de
922 1775 983 1839 hac
1010 1799 1088 1840 voce
1116 1787 1237 1840 eertum

151 1874 341 1937 testimonium
371 1872 478 1937 adhuc
514 1871 631 1946 defuit,
670 1872 727 1936 sed
761 1873 857 1937 Hom.
886 1863 971 1954 ἦμαρ
1001 1886 1032 1938 et
1063 1874 1238 1938 Pindarica

151 1963 294 2054 ἐπάμερος
324 1981 356 2035 et
382 1965 620 2051 πεμπτάμερος
640 1973 710 2058 jam
741 1976 899 2058 suspicari
922 1973 1138 2057 permiserant
1159 1975 1238 2036 anti-

151 2071 270 2154 quiorem
289 2071 427 2135 formam
450 2064 561 2152 ἀμάρα
582 2093 662 2153 esse3
695 2073 746 2134 cui
769 2072 895 2157 accedit
916 2063 967 2134 ἐπ’
993 2064 1118 2152 ἁμέρας
1140 2071 1236 2138 Ther.

151 2163 177 2230 (l.
192 2167 212 2234 l.
233 2175 323 2251 2148,
344 2171 431 2258 quod
452 2171 631 2234 Ahrensius
655 2169 826 2234 dubitabat
847 2180 954 2254 utrum
974 2194 1033 2257 pro
1049 2163 1105 2248 ἁμ.
1123 2194 1164 2234 an
1179 2163 1235 2249 ἀμ.

151 2271 297 2354 acciperet.
342 2269 410 2333 Nec
437 2271 541 2333 minus
572 2270 739 2356 antiquum
767 2280 815 2333 est
841 2262 939 2351 ὗδρία
962 2269 1042 2345 (rad.
1064 2268 1126 2350 ud)
1149 2268 1236 2357 Hyp.

150 2367 280 2443 theudo
307 2368 527 2432 concludimus
550 2369 730 2433 Locrenses
760 2361 848 2449 ὕδωρ
880 2370 1021 2450 dixisse,
1052 2369 1137 2458 quod
1159 2393 1237 2434 sane

152 2463 392 2532 sdAeolismum
422 2469 542 2552 vergit,
571 2468 628 2531 sed
656 2469 694 2533 cf.
718 2471 750 2532 in
781 2468 816 2534 O.
847 2469 913 2535 Ι.2
950 2469 1062 2553 Argiv.
1090 2460 1235 2532 ’Υνασία

152 2558 185 2627 lle
207 2556 298 2640 ὅσιος
330 2568 415 2657 quod
449 2576 631 2632 constanter
662 2569 694 2631 in
717 2569 804 2655 Hyp.
833 2569 880 2632 tit.
911 2569 1067 2653 scriptum
1099 2578 1146 2632 est
1173 2591 1235 2632 non

151 2679 257 2744 possum
288 2667 513 2753 antiquitatem
541 2665 621 2732 lenis
646 2668 823 2749 affirmare,
854 2690 952 2754 quum
977 2679 1106 2752 etymon
1128 2667 1236 2731 lateat.

150 2755 277 2826 Ceterum
305 2772 381 2828 noto
410 2758 503 2826 ἐννέα
531 2787 594 2829 non
625 2768 715 2851 sequi
745 2769 861 2831 mirum
882 2766 1148 2831 Heracleensium
1170 2788 1235 2831 mo·

151 2875 207 2942 rem,
228 2862 281 2949 qui
303 2861 455 2926 dicebant
476 2855 579 2941 ἐννέα,
604 2875 637 2929 ut
659 2866 756 2930 etiam
780 2859 875 2930 ὁκαό.

211 3034 237 3092 4.
278 3027 430 3092 Attamen
458 3028 499 3092 ab
529 3030 642 3094 eadem
670 3030 754 3096 falsa
784 3033 986 3118 aspiratione
1016 3054 1080 3095 non
1109 3054 1236 3117 semper

151 3127 360 3212 superavisse
384 3127 508 3193 Locros
536 3128 629 3194 docet
659 3124 750 3210 ἄγειν
780 3131 831 3196 his
862 3133 1018 3217 scriptum
1040 3130 1073 3193 in
1100 3131 1146 3194 tit.
1168 3130 1236 3213 Oa,

151 3213 205 3289 licet
224 3228 265 3295 sit
288 3227 323 3290 in
355 3226 468 3292 eodem
496 3222 636 3310 ἐπάγων.
680 3230 792 3314 Neque
814 3229 894 3294 illud
914 3230 1030 3294 Locris
1053 3231 1236 3316 proprium:

149 3307 218 3398 ὅγαν
239 3326 341 3390 estin
364 3327 430 3392 Att.
452 3327 500 3392 tit.
521 3327 669 3414 Rangab.
692 3339 756 3395 ant.
780 3328 862 3393 Hell.
883 3335 933 3410 57,
959 3352 988 3410 a,
1018 3334 1063 3408 10,
1086 3339 1184 3414 atque
1202 3329 1237 3392 in

150 3412 274 3490 derivato
297 3425 399 3490 verbo
428 3418 583 3509 ἡγεῖσθαι
613 3427 823 3512 praevalebat
851 3450 947 3512 asper
974 3429 1008 3491 in
1034 3427 1147 3512 lingua
1169 3426 1235 3491 vul·
1344 3481 1348 3497 .

148 3525 203 3596 gui
221 3534 252 3590 et
273 3527 306 3589 in
327 3525 492 3602 Boeotica,
515 3548 709 3611 quamquam
730 3526 847 3591 Aeoles
869 3523 983 3590 Asiani
1006 3549 1078 3590 cum
1101 3526 1235 3589 Laconi-

147 3607 313 3688 bosionem
333 3625 532 3709 primitivum
554 3625 773 3690 observabant
792 3624 883 3704 (Ahr.
904 3625 984 3690 Dor.
1001 3629 1049 3705 38,
1070 3622 1159 3689 Aeol.
1175 3627 1235 3705 28),

146 3721 365 3809 composita
385 3719 565 3806 στρατηγός
590 3734 649 3790 etc.
673 3725 807 3794 eundem
831 3722 993 3788 exhibent.
1034 3722 1153 3785 Mirum
1187 3735 1235 3787 est

142 3810 226 3899 βᾶγας
247 3825 358 3898 (immo
379 3816 496 3903 βαγός)
518 3823 688 3908 Spartanis
711 3824 752 3889 ab
774 3822 940 3909 Hesychio
962 3821 1179 3907 adscriptum,
1201 3824 1235 3886 in

145 3930 194 3995 que
217 3922 322 3987 forma
353 3944 430 3986 sane
458 3921 563 3986 aliena
580 3944 613 3986 a
641 3924 747 4009 prisco
769 3923 922 3987 Dorismo
949 3920 1000 3999 (cf.
1022 3922 1153 3984 nomina
1171 3922 1233 3985 La-

143 4020 237 4085 onies
256 4013 450 4106 Ἀγησίλαος
472 4027 544 4097 etc.)
567 4045 664 4108 quum
686 4022 835 4086 videatur
856 4023 878 4102 β
899 4021 930 4098 (i.
953 4042 979 4084 e.
1002 4020 1036 4102 f)
1068 4019 1149 4088 falso
1179 4045 1235 4087 ex·
1321 4052 1329 4061 ·
