2836 4784
663 1385 733 1464 tl·

533 1543 850 1614 Praemittenda.
934 1540 941 1552 ’

220 1709 425 1796 Linguarum
440 1711 684 1796 comparatione
697 1711 847 1796 neglecta
861 1711 948 1778 nullo
962 1710 1058 1778 modo
1073 1712 1143 1778 ficri
1159 1734 1256 1801 posse

134 1819 173 1872 ut
194 1811 355 1895 originem
376 1820 409 1875 et
430 1808 684 1895 significationes
714 1813 991 1897 praepositionum
1020 1824 1108 1876 recte
1129 1816 1255 1900 perspi-

135 1910 263 1972 ciamus
285 1909 341 1974 diu
363 1931 384 1973 a
405 1908 486 1972 viris
509 1906 613 1972 doctis
634 1907 831 1973 intellectum
850 1923 906 1974 est.
950 1908 1011 1973 Est
1030 1920 1144 1979 ,autem
1171 1911 1255 1976 diffi-

134 2007 261 2072 cillima
283 2008 430 2096 quaestio
453 2006 493 2070 de
513 2000 792 2094 praepositionum
814 2009 954 2093 origine,
984 2031 1048 2095 qua
1076 2008 1116 2073 dc
1139 2031 1256 2074 caussa

132 2106 384 2172 diversissimae
408 2106 586 2172 sententiae
608 2127 628 2169 a
648 2108 729 2171 viris
752 2107 855 2173 doctis
877 2106 963 2172 latae
985 2117 1068 2172 sunt.

220 2205 370 2293 Boppius
392 2207 477 2272 enim
500 2204 552 2282 (V.
576 2203 616 2270 Gr.
640 2206 661 2286 ἓ
682 2210 756 2282 995)
784 2215 817 2270 et
838 2205 875 2272 O.
906 2203 945 2269 G.
974 2205 1186 2300 Schmidtius
1201 2207 1256 2284 (dc

134 2326 250 2392 praep.
273 2327 381 2390 graec.
404 2328 436 2394 p.
458 2310 512 2384 87>
532 2326 550 2369 e
574 2304 840 2392 pronominibus3
862 2303 991 2370 Pottius
1012 2303 1168 2381 (E.·F.²I
1189 2308 1256 2388 57)

139 2425 181 2468 ex
213 2406 281 2470 suis
325 2405 492 2471 radicibus
536 2403 889 2491 praepositionalibus3
930 2403 961 2471 J.
993 2403 1172 2480 Grimmius
1199 2404 1254 2482 (D.

141 2501 267 2569 thrtb.
295 2504 399 2587 Ito),
422 2502 583 2570 Weberus
612 2501 694 2580 (Ind.
725 2501 818 2568 Stud.
840 2501 874 2568 Π
904 2509 988 2587 406),
1012 2502 1255 2571 Schocmannua

138 2601 286 2678 (Redeth.
308 2603 326 2671 I
350 2609 420 2682 tta)
442 2624 484 2667 ex
506 2600 674 2666 radicibus
695 2601 870 2667 vorborum
892 2603 962 2667 sive
979 2604 1144 2668 nominum
1162 2625 1256 2690 prae·

137 2703 315 2786 positiones
346 2703 505 2791 genuinas
539 2700 698 2786 originem
732 2700 850 2766 ducere
888 2700 1138 2777 contenderunt;
1173 2724 1255 2790 quas

134 2804 314 2866 sententias
342 2801 526 2866 accuratius
552 2799 742 2864 examinare
770 2820 844 2865 cum
874 2800 916 2865 ab
945 2799 1007 2865 bac
1033 2800 1255 2889 disputatione

135 2897 313 2966 abhorreat
319 2949 329 2984 ‚
356 2920 563 2965 enumerasse
591 2900 670 2963 satis
698 2895 812 2966 habco.
855 2899 928 2965 Hoc
950 2898 1058 2965 dicare
1078 2899 1191 2985 liceat,
1212 2923 1255 2967 ox

136 2997 350 3085 chronologia
369 2998 554 3086 linguarum
568 3033 609 3046 ·—
624 3008 659 3062 ut
680 2999 728 3062 ita
748 2996 855 3063 dicam
869 3034 910 3046 -
925 2998 1010 3063 banc
1031 3001 1253 3085 quaestionem

134 3096 382 3164 diiudicandum
411 3119 496 3180 osse,
524 3098 636 3183 itaqua
656 3119 730 3161 cum
760 3118 803 3161 ex
828 3095 941 3184 lingua
968 3100 1129 3167 sanserita
1148 3100 1255 3173 edocti

136 3197 242 3260 simus
263 3202 297 3261 in
318 3194 617 3286 praepositionibus
642 3194 744 3260 latero
765 3217 897 3261 casuum
917 3197 1058 3282 formas,
1090 3199 1254 3266 obsoletas

134 3293 269 3381 quidem
291 3295 493 3383 plerumque,
514 3314 652 3381 eumque
673 3293 759 3359 idem
780 3295 821 3360 de
835 3295 957 3382 linguis
975 3299 1123 3384 cognatis
1136 3299 1254 3384 valeat,

132 3414 263 3459 summo
284 3396 355 3462 iure
377 3393 418 3461 G.
441 3392 573 3460 Curtius
596 3393 629 3456 in
652 3396 920 3461 commentatione
944 3418 1027 3485 quae
1048 3398 1253 3465 inscribitur:

131 3491 225 3575 „Zur
256 3491 474 3580 Chronologie
502 3491 560 3556 der
580 3491 907 3578 indogermanischen
930 3495 1255 3584 Sprachforscbnng“

131 3593 351 3657 novissimum
372 3614 445 3658 esse
465 3602 594 3679 tempus
609 3590 840 3657 adverbiorum
860 3594 1064 3661 formationis
1080 3597 1254 3681 contendit,

134 3711 202 3776 quo
232 3701 379 3778 tempore
405 3713 511 3758 novae
538 3689 666 3755 radices
683 3713 761 3769 ‚non
788 3692 926 3779 amplius
957 3706 1148 3781 procreatae
1168 3697 1252 3780 siut3

127 3811 228 3876 quam
249 3789 291 3854 ob
307 3812 376 3856 rem
392 3790 650 3878 praepositiones
668 3813 732 3856 non
750 3812 792 3856 ex
815 3793 1035 3878 singularibus
1057 3793 1251 3880 quibusdam

128 3886 257 3952 sodex
279 3888 455 3955 verborum
478 3891 548 3955 sive
575 3891 739 3955 nominum
769 3892 934 3956 radicibus
963 3902 1051 3958 ortas
1073 3914 1145 3956 esse
1164 3901 1254 3958 recte

132 3986 303 4053 affirmare
325 4010 422 4076 possa
442 3988 537 4054 nobis
557 3989 717 4057 videmur.
761 3990 888 4072 Quibus
909 3992 1099 4078 praemissis

1007 4095 1018 4144 ¹
1027 4091 1039 4120 Ψ
