2836 4784
133 84 143 101 ’
240 120 304 183 aa
759 100 843 164 'Assen

224 281 327 368 prauo
358 279 432 345 voci
465 270 627 360 σπόγγος,
665 271 812 362 σφόγγος
843 287 892 342 est
926 276 1101 343 tribuenda
1134 278 1163 342 si
1195 277 1382 363 sequimur

241 380 409 445 Kuhnium
438 377 541 455 (curt.
562 377 670 464 Etym.
690 381 762 449 355)
790 378 981 467 referentem
1003 376 1045 443 ad
1064 375 1140 442 rad.
1163 399 1277 458 wasa,
1307 376 1386 444 sed

242 481 340 544 ctiam
364 479 417 543 bic
439 478 658 564 principatum
680 499 705 556 φ
725 475 852 540 litterae
875 478 933 539 vix
959 476 1035 541 licet
1055 474 1255 560 concedere,
1287 475 1390 561 quia.

242 587 274 644 et
294 599 322 640 π
341 587 374 642 et
396 599 422 661 φ
443 599 484 642 ex
504 575 539 638 F
555 585 626 641 orta
649 597 719 639 esse
739 575 900 640 videntur.
955 577 1001 641 At
1020 576 1061 641 de
1082 575 1133 641 his
1153 573 1314 639 omnibus
1336 589 1393 644 et

247 677 406 742 similibus
431 677 511 741 satis
530 685 579 740 ost
599 673 752 739 lectorem
772 673 934 741 rettulisse
963 675 1006 740 ad
1036 674 1126 747 Curt.
1149 672 1267 760 Etym.
1296 679 1394 762 457,

245 788 276 843 et
297 776 450 842 Roscher.
472 774 492 841 l.
516 797 541 839 c
566 778 623 839 109
642 774 674 836 ff.
853 770 863 803 ⁸
934 778 938 785 '

325 876 434 956 Quum
452 875 550 959 igitur
568 871 719 959 exempla
736 873 832 960 hujus
843 873 1032 939 mutationis
1043 873 1159 956 desint,
1172 872 1396 946 Roschems

241 1000 315 1063 pag.
328 981 366 1044 87
391 985 557 1038 enumerat
577 965 701 1056 χρήστω
718 971 803 1036 tituli
826 971 886 1037 Oa.
899 973 939 1050 ³³)
961 975 1044 1036 inter
1065 996 1120 1038 eos
1134 971 1396 1058 lapicidarum

243 1075 445 1140 indoctorum
478 1095 604 1136 errores
634 1072 688 1158 qui
720 1069 886 1135 vacillanti
914 1073 1119 1158 incertaeque
1147 1072 1399 1147 enuntiationi

137 1194 152 1216 ⁸
245 1184 319 1238 sunt
346 1170 563 1237 adscribendi.
606 1171 717 1257 Neque
747 1193 808 1256 ego
835 1192 1037 1251 recusarem,
1068 1171 1167 1241 modo
1196 1171 1250 1237 bis
1273 1181 1392 1246 terve

241 1275 347 1338 forma
371 1280 566 1351 occurreret,
586 1293 660 1334 nam
683 1270 782 1334 ctiam
803 1263 998 1354 ὑστερογενῆ
1020 1294 1119 1358 quam
1140 1270 1258 1336 dicunt
1277 1278 1384 1358 aspi.

244 1373 403 1449 rationem
428 1369 544 1434 Locris
574 1379 683 1435 notam
715 1368 834 1449 fuisse,
863 1380 1044 1456 opportuno
1072 1370 1144 1436 loco
1165 1371 1379 1444 uidebimus.

244 1471 310 1536 Sed
331 1492 418 1535 nunc
441 1468 615 1533 accedente
642 1478 735 1533 tanta
757 1468 890 1535 alterius
912 1471 1135 1557 inscriptionis
1155 1474 1372 1558 auctoritate,

193 1641 195 1647 ,
243 1593 307 1635 non
335 1591 507 1655 possumus
534 1568 642 1631 facere
668 1569 745 1655 quin
773 1578 950 1633 statuamus
972 1569 1095 1635 Locros
1116 1580 1304 1636 constanter
1326 1592 1369 1636 στ

244 1668 433 1735 adhibuisse
473 1690 533 1753 pro
571 1668 621 1729 off
650 1668 684 1731 in
715 1668 909 1733 medialibus
940 1670 1052 1734 formis
1087 1669 1193 1736 verbi.
1237 1670 1360 1736 ‘Utrum

243 1791 370 1856 semper
388 1788 425 1829 στ
448 1769 727 1853 pronuntiaverint
748 1792 808 1855 pro
824 1771 882 1843 σθ,
907 1791 949 1832 an
970 1770 1004 1833 in
1024 1769 1074 1834 his
1091 1778 1218 1835 tantum
1234 1772 1355 1848 formis,

243 1893 307 1942 non
330 1867 405 1933 licet
425 1866 627 1949 concludere,
649 1889 745 1953 quum
767 1867 919 1954 exempla
939 1867 1104 1935 deficiant.
1146 1854 1252 1935 Nunc¹
1265 1892 1349 1957 quae·

243 1970 324 2033 ritur
345 1991 424 2033 num
446 1965 620 2031 debeamus
651 1967 823 2031 transitum
852 1967 1079 2052 aspiratae'in
1109 1978 1240 2034 tenuem
1260 1989 1346 2054 agno
1411 2040 1414 2047 ¹

244 2090 349 2150 scere,
379 2067 477 2153 idque
505 2067 574 2153 jam
602 2067 777 2149 antiquitus
808 2076 923 2153 putare
951 2068 1117 2154 inceptum
1149 2069 1252 2132 luisse
1272 2063 1346 2154 quod
1393 2061 1397 2068 ’

246 2167 438 2253 saepissime
459 2166 494 2229 in
514 2164 627 2249 lingua
648 2166 779 2230 novicia
799 2165 920 2229 factum
943 2175 1002 2248 est,
1023 2189 1072 2230 an.
1086 2187 1135 2241 ua,
1160 2168 1245 2232 sicut
1265 2169 1298 2230 in
1307 2171 1344 2228 tot

244 2265 318 2330 aliis
338 2263 522 2345 uocabulis,
544 2287 605 2351 pro
627 2265 809 2351 antiquiore
831 2264 1017 2328 habeamus.
1062 2265 1161 2345 Quod
1182 2269 1295 2331 attinet
1310 2260 1343 2328 ad

244 2367 473 2451 imperativum
492 2357 631 2448 χρήστω,
655 2355 787 2438 etiosa,
808 2373 893 2427 certe
915 2363 990 2429 licet
1013 2365 1174 2452 suspicari
1195 2367 1229 2430 in
1250 2373 1342 2429 vetere

244 2464 337 2540 titulo
371 2464 474 2529 latere
503 2465 678 2550 vestigium
709 2463 840 2549 priscae
870 2466 1115 2530 terminationis.
1167 2465 1253 2529 Nam
1283 2480 1344 2528 eam

246 2563 376 2628 omnino
396 2562 582 2627 medialium
604 2563 870 2627 terminaticnum
891 2564 1049 2628 rationem
1068 2586 1139 2628 esse
1160 2572 1198 2628 ut
1218 2587 1262 2629 ex
1282 2559 1344 2628 acti·

244 2664 294 2727 vis
319 2686 377 2749 per
406 2662 658 2749 duplicationem
683 2662 790 2725 factae
813 2662 889 2744 sint,
924 2664 990 2748 jam
1017 2663 1101 2727 inter
1128 2663 1347 2748 grammaticos

245 2763 324 2826 satis
347 2765 505 2829 convenit.
550 2761 655 2841 Quam
678 2761 863 2846 opinionem
884 2772 1013 2827 secutus
1035 2761 1111 2827 olim
1131 2763 1282 2849 Boppius
1304 2760 1349 2826 do·

247 2859 342 2924 cebat
361 2866 511 2945 (gramm.
525 2860 655 2925 Sanser.
677 2862 779 2941 5274,
799 2861 838 2923 cf.
854 2883 989 2945 gramm.
1010 2884 1113 2947 comp.
1136 2861 1203 2926 vol.
1224 2861 1269 2944 Π,
1287 2875 1358 2954 pag·

246 2965 306 3026 322
330 2959 379 3024 ed.
402 2967 488 3037 tert.)
518 2963 568 3021 oe
594 2959 680 3046 quod
708 2961 741 3023 in
766 2960 878 3024 formis
907 2960 1098 3025 medialibus
1128 2962 1237 3025 actito
1268 2983 1288 3022 r
1308 2979 1357 3025 re·

246 3057 384 3144 spondet
416 3081 457 3122 ex
487 3079 523 3119 aa
556 3060 727 3125 exstitisse.
771 3058 826 3123 Sic
852 3058 938 3124 dual.
968 3063 1073 3136 stov,
1113 3061 1218 3144 σθην,
1252 3065 1362 3125 mar,

245 3180 363 3223 revoco
387 3157 430 3221 ad
451 3179 555 3234 c-aov,
578 3181 682 3243 τ-την,
705 3179 815 3234 τ-των,
841 3158 984 3238 (Sanscr.
1007 3164 1075 3241 dte,
1096 3163 1197 3242 didm,
1219 3159 1378 3226 fortasse

247 3282 307 3345 pro
331 3261 439 3339 (ttdtt,
460 3261 595 3335 (alutam)
617 3269 652 3322 nt
673 3269 760 3323 recte
782 3282 816 3324 se
838 3257 981 3323 habeant
995 3258 1038 3322 ad
1059 3261 1168 3325 activa
1189 3280 1265 3335 τον,
1288 3272 1381 3354 opvs·

245 3378 311 3420 των
332 3356 475 3434 (Sanscr.
498 3371 576 3440 tam,
604 3361 690 3436 tum).
742 3358 890 3423 Eandem
924 3359 1082 3442 originem
1112 3358 1285 3423 tribuerim
1312 3347 1387 3422 ill1

247 3459 341 3535 (mdc
364 3461 382 3520 2
399 3479 483 3541 pers.
496 3465 568 3538 act,
590 3457 678 3544 quod
699 3467 785 3520 certe
808 3456 884 3521 olim
906 3463 980 3532 (aba
996 3457 1056 3520 fuit
1078 3458 1131 3534 (cf.
1147 3456 1278 3522 Sanscr.
1295 3456 1385 3520 tha>

248 3555 357 3621 Germ.
380 3563 445 3633 (ab)
467 3567 581 3637 ortum,
605 3558 729 3641 opinor,
750 3578 771 3619 a
791 3562 872 3636 (tua,
894 3556 993 3641 idque
1013 3578 1032 3619 a
1049 3570 1109 3620 tva.
1142 3557 1278 3621 Necnon
1293 3556 1385 3616 03⁸

312 3774 354 3839 33)
372 3771 444 3827 Nam
462 3774 571 3840 έλέσιω,
590 3774 700 3827 ittotai
717 3771 839 3842 ejusdem
857 3769 932 3824 tituli
949 3771 1079 3842 neglexit.
