2836 4784
437 343 471 399 de
488 345 604 400 dialecto
622 344 808 404 Locrensium.
1115 358 1175 421 275

99 527 103 532 ·
150 502 355 593 intimantor,
373 513 543 598 prominere
560 508 684 602 perere,
707 515 796 603 Hyp.
819 521 866 599 17,
887 538 1017 601 novum,
1041 519 1176 585 nisime

62 609 155 691 follit,
179 610 381 677 vocabulum.

145 703 338 791 ἕπωμόιας,
379 710 437 775 04.
467 719 518 779 10:
548 736 629 777 unus
659 736 700 777 ex
723 714 889 802 judicibus
919 715 1012 780 solito
1042 739 1174 784 numero

60 806 291 893 superadditis,
315 810 342 873 44
363 809 398 874 fit
420 811 646 896 suffragiorum
662 813 806 900 aequalis
821 812 949 895 divisio,
970 825 1004 878 ut
1019 838 1171 882 numerus

60 906 170 993 imper
192 907 360 973 efficietur.
403 909 477 974 Vox
500 909 607 976 adhuc
625 912 783 978 inaudita.

141 1001 325 1086 ἐχέπαμος,
350 1007 437 1122 Hyp.
464 1009 509 1091 16,
532 1004 625 1092 γένος
647 1006 833 1090 &genapum
857 1005 998 1092 νόμιμος
1019 1008 1173 1100 κληρόνο-

57 1124 133 1183 μος,
151 1105 269 1223 Ocu
259 1129 281 1171 1
303 1128 329 1171 e.
351 1108 406 1191 qui
428 1108 532 1194 possit
555 1132 624 1174 rem
645 1110 790 1196 legitime
812 1111 998 1196 possidere.

141 1195 266 1280 κοινάν,
290 1205 364 1270 vide
385 1208 456 1287 §5
481 1214 505 1272 1.

142 1298 341 1387 λιποοελέω,
375 1305 464 1393 Hyp.
505 1314 556 1374 14:
598 1307 645 1372 de
672 1263 906 1394 signidcationc
943 1309 1034 1374 vocis
1060 1307 1172 1376 adhuc

56 1401 188 1484 ignotae
207 1402 350 1468 dubitari
371 1427 435 1471 non
458 1415 572 1491 potest
609 1406 669 1471 Est
656 1406 857 1494 tnegligere
879 1408 1020 1495 vectigal
1044 1408 1169 1474 solven-

57 1497 148 1567 dum:
170 1502 225 1568 hic
245 1512 352 1568 autem
373 1503 489 1578 dicitur
511 1505 656 1590 peculari
671 1528 783 1572 sensu:
807 1502 974 1583 ὅοοιιςκοι
996 1503 1174 1593 λιποιελέῃ

57 1593 87 1677 ly
128 1594 330 1679 Ναοιιοὶκοω,
365 1605 568 1694 „quicunque
596 1604 693 1670 444444
721 1606 892 1693 Naupacto
919 1606 1072 1691 vectigali
1107 1630 1171 1673 non

58 1696 170 1768 solute
180 1702 200 1736 “
1138 1763 1141 1767 .

139 1795 413 1883 peafoeuie‘eee,
438 1801 644 1889 (accipiendo
673 1804 758 1869 enim
782 1803 887 1869 Curtii
909 1803 1094 1869 emendatio
1113 1825 1173 1883 με·

61 1899 282 1965 ταΡοικιαιὰν
310 1922 369 1987 pro
391 1900 631 1969 Oeconomidne
652 1899 736 1981 μετὰ
760 1903 964 1978 fenerare»,
996 1902 1084 1990 Hyp.
1107 1910 1171 1985 44),

63 1994 79 2056 i·
101 2019 128 2062 e.
147 1993 353 2086 μετοικιήιις
384 1998 513 2065 videtur
540 1999 628 2064 idem
659 2012 849 2087 essentque
872 1997 1082 2087 μετοικέιης,
1111 1996 1173 2080 με’-

66 2113 183 2176 τοικος,
206 2101 245 2165 44.
261 2092 408 2184 οἶκιὴιης
427 2098 494 2165 Ion.
519 2122 578 2186 pro
602 2092 740 2186 οἰκέτης,
763 2111 795 2166 44
815 2095 986 2187 πολιήτης,
1012 2095 1173 2176 policitus

68 2190 185 2283 Herod,
205 2197 298 2265 Pind
301 2202 432 2287 ‚antiq
455 2200 501 2264 tit.
524 2198 661 2287 Gortyn.
687 2208 744 2266 etc.

139 2293 255 2379 νόμιος
274 2246 340 2387 adj
363 2300 525 2387 profertur
548 2320 678 2385 semper
700 2322 798 2364 sensu
820 2293 977 2382 νόμιμος,
1007 2300 1098 2386 Hyp.
1123 2263 1172 2383 l5,

71 2399 109 2482 19,
129 2405 177 2475 26,
202 2405 253 2481 27,
275 2405 325 2480 28,
341 2405 390 2465 45.
427 2397 475 2465 04.
490 2397 633 2483 Hesych.
650 2397 741 2464 Suid
765 2393 897 2479 νόμιον·
923 2392 1064 2464 δικαιον.
1097 2398 1172 2479 Qua

69 2494 103 2563 de
120 2499 353 2585 significatione
376 2498 472 2584 hujus
493 2496 610 2584 adject
601 2498 647 2571 rvi
669 2520 767 2585 quum
790 2498 897 2564 adhue
919 2497 1078 2564 dubitatio
1102 2499 1170 2562 fue-

66 2598 112 2681 rit,
134 2622 220 2664 nunc
233 2607 327 2663 certe
349 2596 455 2662 bonae
476 2596 657 2662 Graecitati
679 2608 728 2663 est
749 2597 955 2664 vindicanda.
988 2598 1055 2662 Nee
1078 2596 1171 2661 aliter

65 2695 174 2763 Cicero
194 2697 355 2763 intellexit
374 2718 556 2780 cognomen
577 2695 758 2782 Apollinis,
787 2697 828 2762 de
849 2706 914 2762 4444.
931 2697 1024 2762 deor.
1046 2695 1105 2776 ΠΙ,
1121 2702 1170 2778 23,

62 2820 174 2883 „quem
194 2795 400 2883 (Apollinem)
430 2795 578 2861 Arcades
607 2789 725 2877 νόμιον
754 2796 922 2883 4ΡΡ411444
951 2795 1037 2882 quod
1060 2794 1102 2859 ab
1131 2817 1170 2860 eo

61 2920 93 2963 se
113 2896 203 2982 leges
229 2892 564 2980 feruntaeeepissr,
594 2897 633 2961 cf.
650 2895 834 2982 Archytam
864 2895 1009 2981 cpudt
972 2892 1059 2959 St.0b
1082 2891 1169 2958 Flor.
1270 2976 1275 2980 .

56 2995 99 3076 Π,
119 3001 175 3064 139
190 2995 288 3061 Mein.
307 2990 454 3079 Apollo
465 2987 581 3088 νόμιος
603 3005 651 3059 444
673 2997 773 3080 igitur
797 2992 975 3079 dispositor,
998 2992 1171 3074 ordinator,

56 3119 141 3185 quoe
162 3093 315 3183 appellat
306 3117 337 3158 ιο
360 3106 466 3157 temen
487 3117 587 3181 quum
609 3117 725 3159 vocum
748 3087 858 3173 νομός,
885 3087 1006 3181 νομεύς
1026 3116 1090 3158 non
1106 3090 1171 3157 4144

56 3198 98 3262 444
119 3196 212 3281 origo
233 3192 328 3259 facile
351 3191 393 3257 ed
415 3214 532 3278 greges
554 3191 756 3276 refertur,
758 3201 956 3279 ipostremo
978 3191 1061 3257 nihil
1083 3182 1172 3256 aliud

53 3284 217 3379 intelligat
218 3316 257 3358 ur
277 3291 341 3358 nisi
363 3291 442 3356 deus
464 3300 539 3380 past
526 3290 649 3359 torulis.

139 3384 319 3471 ξενοδίκᾱς,
356 3390 415 3457 On.
450 3399 504 3459 10:
549 3386 641 3457 Unus
672 3391 815 3479 judicum
848 3391 1033 3504 peregrinis
1064 3391 1169 3453 causis

53 3492 328 3582 praepositorum.
371 3489 595 3570 Kirchhoffius
626 3513 698 3555 cum
727 3513 846 3576 magna
877 3490 945 3554 veri
968 3490 1075 3576 specie
1097 3511 1169 3552 eon·
1224 3522 1227 3527 ·

58 3590 166 3657 cludit
189 3587 363 3655 concilium
393 3613 434 3654 ex
457 3590 586 3677 aequali
613 3612 746 3655 nurnero
773 3588 999 3657 Chalcensium
1024 3597 1056 3652 44
1043 3586 1169 3653 tOean

53 3689 240 3759 theensium
262 3691 477 3777 compositum
498 3691 608 3758 fuisse.

118 3780 259 3853 datie:
283 3788 430 3875 Hesych
449 3781 597 3865 dulice
633 3765 767 3873 Λοκροὶ
790 3784 867 3862 τοὺς
892 3780 1017 3860 τόπους
1046 3771 1143 3846 ἐν
1107 3805 1169 3866 οις-

52 3881 307 3963 συνελαύνοντος
328 3874 512 3971 ἀριθμοῦσι
531 3884 572 3950 τὰ
595 3882 750 3974 πρόβατα
772 3881 829 3949 καὶ
848 3881 889 3948 ιὰ
912 3878 1114 3968 βοσκήματα.

139 3981 332 4065 ὁπλόξενος,
358 3989 398 4053 cf.
421 3991 490 4070 §8
517 3995 544 4053 1.
