2836 4784
439 379 473 436 de
490 381 697 454 praepositione
715 379 802 452 παρά.
1113 388 1118 396 ’
1138 393 1175 454 51

59 550 152 615 Hier.
174 549 227 615 XI
250 557 296 617 12.
320 550 457 616 Memor.
485 550 518 615 Il
541 559 570 633 7,
593 557 622 618 4.
650 542 682 613 οἱ
711 541 795 630 παρ’
826 543 901 636 ἡμῖν
930 543 1058 615 οἰκέται
1078 553 1177 619 Isocr.

59 651 104 715 IV
130 655 198 733 123,
221 656 289 718 150.
319 644 454 734 ῥήτορες
481 649 581 715 Isoor.
603 648 634 713 V
655 655 683 714 2.
711 649 807 715 Dem.
828 650 944 715 XXIV
973 658 1031 717 142
1053 646 1180 735 θεωροὶ

60 749 143 813 Plat.
164 748 228 835 leg.
251 748 318 814 XII
341 755 411 817 953.
435 743 645 834 δικαστήριον
666 749 761 814 Dem.
783 749 847 814 VII
868 756 897 816 9.
920 761 980 816 eto.
1003 760 1061 817 eto.

142 847 199 912 Ad
220 848 477 935 rempublicam
499 846 672 934 legumque
694 850 919 913 auctoritatem
935 860 1083 936 spectant
1096 851 1178 916 haee

59 948 226 1037 exempla,
253 947 295 1012 ab
326 969 438 1012 eorum
464 945 638 1013 verborum
667 970 726 1010 usu
754 970 820 1012 non
846 949 963 1031 aliena,
992 949 1032 1013 de
1060 949 1178 1036 quibus

60 1071 90 1134 p.
107 1055 158 1114 42.
181 1051 317 1132 egimus.
339 1041 358 1132 ἡ
381 1038 465 1128 παρ’
489 1039 566 1133 ἡμῖν
588 1039 794 1129 δημοκρατία
815 1048 892 1112 Diu.
914 1049 998 1113 125.
1022 1043 1179 1112 πολιτεία

58 1148 157 1212 Dem.
179 1147 248 1210 XX
271 1151 339 1212 106.
357 1142 418 1221 τὰς
436 1142 530 1228 παρὰ
552 1138 649 1230 σφίσι
672 1140 865 1222 δυναστείας
887 1142 1081 1229 ἐκβαλόντες
1099 1148 1179 1234 Lys.

57 1245 91 1310 Π
116 1253 164 1316 18.
194 1238 213 1310 ὁ
240 1235 322 1327 παρ’
359 1236 436 1331 ἡμῖν
466 1238 569 1326 νόμος
598 1244 676 1311 Eur.
702 1244 773 1331 Iph.
804 1245 842 1310 Τ.
867 1253 936 1314 465.
966 1245 1044 1332 Lys.
1073 1246 1107 1312 Π
1130 1254 1177 1313 25.

62 1347 108 1412 VI
134 1352 182 1414 16.
202 1354 263 1412 ets.
288 1355 348 1409 eto.
390 1359 393 1363 ’

143 1445 297 1530 Denique
322 1444 480 1508 translate
509 1443 550 1508 de
576 1442 675 1507 rebus
697 1464 780 1526 quae
802 1464 900 1528 penes
924 1443 1064 1530 aliquem
1088 1454 1176 1510 sunt:

59 1538 154 1628 τέχνη
188 1537 282 1625 παρὰ
314 1535 370 1606 σοι’
393 1541 476 1607 Plat.
503 1541 550 1608 Io.
582 1547 651 1608 533.
683 1540 784 1627 Gorg.
814 1547 875 1607 452
904 1542 939 1607 O.
961 1537 1108 1629 πάθημα
1134 1544 1178 1611 id.

59 1641 187 1707 Phileb.
208 1647 257 1708 42.
281 1634 390 1723 δόγμα
411 1640 454 1706 id.
476 1663 561 1727 resp.
583 1640 632 1705 ΠΙ
656 1648 716 1707 413
739 1640 801 1726 leg.
824 1640 990 1724 11111791,
1013 1649 1081 1709 798.
1096 1638 1178 1722 δόξα

59 1742 139 1828 Lys.
162 1739 248 1804 XIX
270 1746 318 1807 34.
342 1733 442 1822 λόγος
463 1733 481 1805 ὃ
504 1732 587 1825 παρ’
613 1732 805 1822 respiratio
829 1742 897 1806 eius
918 1741 1002 1805 Plat.
1023 1766 1108 1830 resp.
1129 1744 1178 1809 IV

59 1849 129 1909 4411.
152 1833 279 1904 Phileb.
303 1846 349 1905 11.
371 1838 471 1926 Soph.
494 1844 550 1906 251
576 1839 618 1903 D.
638 1835 678 1900 τὰ
702 1830 782 1920 παρ’
806 1833 887 1922 ἡμῖν
910 1835 1016 1926 κάλλη
1038 1842 1177 1908 Phaedr.

63 1946 130 2006 110.
150 1938 255 2004 Isoer.
273 1937 307 2001 X
322 1944 372 2006 60.
388 1931 408 2024 ἡ
424 1934 579 2022 ῥητορικὴ
602 1930 769 2023 φαντασία
791 1936 847 2002 καὶ
868 1932 887 2025 ἡ
910 1938 1003 2023 παρὰ
1022 1943 1179 2025 ποιηταῖς

59 2039 163 2125 Long.
186 2037 228 2102 de
250 2036 377 2102 sublim.
404 2037 469 2102 XV
491 2041 519 2101 2.
547 2029 747 2114 καταξίωσις
775 2035 869 2118 παρὰ
895 2041 967 2114 τοῖς
994 2034 1179 2119 συμμάχοις

60 2141 114 2202 τοῦ
133 2128 310 2218 Ῥωμαίων
331 2127 577 2217 πολιτεύματος
597 2134 712 2221 Polyb.
731 2134 781 2201 111
800 2143 849 2204 90.
869 2137 929 2214 (Of.
953 2161 985 2224 p.
997 2146 1058 2214 44.)

142 2237 314 2302 Postremo
336 2233 491 2301 nonnulla
513 2233 665 2321 exempla
686 2258 763 2300 usus
793 2238 862 2301 eius
883 2259 947 2325 quo
970 2260 1041 2302 oum
1065 2237 1176 2304 dativo

57 2336 281 2423 prorwmsitum
294 2335 494 2422 praepositio
518 2332 606 2397 diota
627 2342 684 2416 est,
707 2334 855 2400 afferam:
877 2333 963 2399 πολὺ
980 2330 1178 2418 δριμύτατος

64 2428 98 2520 ἢν
117 2437 185 2498 τῶν
206 2425 289 2517 παρ’
314 2427 392 2521 ἡμῖν
413 2433 468 2498 Ar.
491 2433 590 2518 Vesp.
615 2438 683 2499 279.
706 2432 790 2500 Xen.
810 2436 873 2501 An.
895 2436 943 2501 IV
958 2443 986 2519 3,
1003 2443 1051 2502 29.
1068 2437 1086 2500 I
1104 2444 1129 2518 1,
1146 2444 1176 2504 5.

66 2534 145 2601 Hell.
165 2534 216 2600 IV
236 2539 263 2613 2
284 2541 312 2600 5.
342 2524 547 2612 αὐτονόμους
568 2527 623 2596 καὶ
644 2529 705 2608 τὰς
726 2529 761 2594 ἐν
781 2535 820 2620 τῇ
840 2527 933 2622 Ἀσίη
953 2531 1072 2611 πόλεις
1092 2524 1178 2599 εἶναι

66 2629 167 2719 ὥςπερ
198 2628 256 2696 καί
281 2629 340 2708 τὰς
360 2626 395 2695 ἐν
415 2632 455 2718 τῇ
475 2623 558 2713 παρ’
583 2623 660 2717 ἡμῖν
675 2625 812 2695 Ἑλλάδι
840 2633 923 2698 Ηε11.
944 2635 995 2700 ΠΙ
1017 2645 1045 2718 4,
1068 2644 1095 2702 5.
1135 2634 1177 2698 τὰ

63 2726 143 2817 παρ’
169 2728 246 2814 ἐμοὶ
264 2725 407 2795 ἑλέσθαι
430 2723 502 2793 ἀντὶ
528 2731 594 2792 τῶν
616 2722 706 2793 σ’ίκοι
728 2731 835 2797 Anab.
857 2732 874 2796 I
892 2740 921 2815 7,
944 2742 972 2800 5.
993 2736 1087 2801 Dem.
1110 2736 1178 2798 XX

66 2841 129 2903 108
171 2828 215 2895 τὰ
237 2827 329 2914 παρά
361 2826 414 2894 σοὶ
438 2827 549 2905 καλῶς
575 2823 642 2909 iicet
670 2830 754 2894 Xen.
777 2831 854 2917 (lyr.
878 2832 940 2897 VH
965 2840 1040 2916 l,16.
1079 2835 1176 2900 laoor.

62 2932 90 2998 Π
115 2940 160 3001 17.
184 2931 301 2997 XVIII
325 2936 372 2999 10.
418 2925 559 3013 σμικρὸν
586 2924 625 2992 τὸ
655 2921 738 3011 παρ’
772 2924 847 3014 ἡμῖν
875 2928 932 2994 καὶ
960 2924 1102 3009 ἀσθενὲς
1121 2933 1178 2998 καὶ

64 3031 204 3119 φαῦλον,
226 3027 264 3097 τὸ
286 3022 320 3094 δ’
348 3025 383 3094 ἐν
402 3032 450 3116 τῷ
472 3023 573 3092 παντὶ
593 3022 791 3110 θαυμαστόν
811 3030 861 3096 Pl.
882 3031 1007 3098 Phileb.
1028 3038 1067 3099 29
1088 3033 1126 3100 Β.

376 3397 559 3480 CAPUT
599 3395 866 3479 TERTIUM.

168 3547 220 3612 De
233 3546 471 3632 praeprost'tiooe
492 3541 585 3630 παρά
607 3570 678 3610 mua
699 3547 878 3612 oomsauts‘oo
899 3549 1073 3614 εοοιλινιεια.

141 3731 322 3797 Latiasime
343 3739 457 3815 patere
478 3729 564 3793 huno
585 3752 680 3794 usum
709 3732 828 3796 mirum
856 3753 923 3797 non
950 3741 1015 3806 eet3
1045 3753 1176 3796 accuss-

68 3830 145 3896 tivus
172 3831 261 3895 enim
290 3851 385 3916 quem
414 3838 491 3914 apte
521 3851 631 3893 casum
659 3828 845 3915 generalem
871 3831 1038 3916 appellare
1060 3831 1176 3914 possis,

68 3936 96 3992 ut
116 3929 205 4008 olim,
227 3949 291 4016 quo
311 3938 458 4014 tempore
477 3927 608 4014 linguae
621 3927 914 4014 Iudogermanioae
930 3931 1026 3994 unius
1048 3928 1179 4013 linguae

68 4028 190 4094 vinculo
212 4026 416 4109 tenebantur,
438 4026 526 4091 aolus
551 4049 646 4092 casus
666 4028 817 4115 obliquus
836 4028 906 4107 fuit,
927 4028 976 4091 ita
996 4029 1178 4114 posteriore

937 4125 968 4181 4*
