2836 4784
160 312 254 414 ¹aaa.
675 339 770 395 ·A¹1en

260 503 366 572 πλέον
386 509 492 587 (Oz.):
511 499 635 571 πλείων
657 518 688 574 et
709 503 822 572 πλέων
843 508 938 571 Hom.

250 601 415 673 blevam
436 608 520 687 (Oa.)
536 631 543 672 ε
562 601 729 671 Οἰάνθεια
750 607 939 685 Hellanicus
962 607 1050 694 apud
1068 607 1186 693 Stepb.
1200 607 1251 693 By

177 709 367 791 Pausanias,
390 707 523 791 Strab03
556 700 687 792 Οἰάνθη
710 717 912 773 contractum
934 706 1130 794 Stephanus,
1153 707 1254 770 Pliniu

178 810 215 872 cf.
255 801 455 888 Ἡράκλεια,
499 801 684 888 Ἡράκλεας
738 800 889 883 Μαλεία,
934 801 1069 872 Μαλέα.
1135 806 1254 895 Ejusde

176 907 264 972 modi
287 916 352 971 est:
419 955 423 960 -
809 969 811 973 ,
853 927 858 936 ·
1079 943 1083 950 -

261 1001 389 1083 Χαλεΐς
410 1007 481 1084 (Oa.
505 1012 544 1082 1.)
567 1027 627 1091 pro
649 1003 807 1083 Χαλειΐς,
833 1007 920 1093 quod
941 1016 1054 1093 aperte
1073 1007 1246 1072 formatum

95 1179 97 1184 k
178 1102 327 1170 Χόλειον
349 1105 486 1194 perinde
506 1115 541 1176 ut
561 1100 977 1181 ΠλαταιΐςωΠλαταιαί.
1011 1094 1015 1100 ’
1059 1130 1062 1136 ·

71 1209 74 1219 '
141 1290 144 1296 Ι
215 1248 218 1254 ·
259 1205 403 1272 Subinde
425 1228 439 1268 ι
460 1213 624 1270 servatur:
653 1199 814 1281 Χάλειον,
844 1199 994 1268 Χαλειέα
1015 1216 1047 1270 et
1066 1199 1243 1298 Χαλειέως

177 1331 262 1373 nem.
283 1297 448 1381 Χωλειεύς
462 1329 469 1369 :
485 1306 524 1370 cf.
545 1309 582 1366 X
581 1303 705 1378 αλειεῖς
727 1304 815 1391 apud
837 1302 994 1371 Wescher
1017 1314 1049 1370 et
1064 1306 1215 1386 Foucart‚
1231 1303 1254 1368 Ir

99 1438 118 1482 χ
162 1405 354 1492 'scriptions
375 1405 415 1469 de
430 1403 576 1491 Delphos
605 1409 680 1485 424,
703 1410 752 1486 23,
775 1404 833 1469 sed
855 1404 1000 1481 Χαλεεῖς
1020 1404 1099 1470 ibid.
1122 1412 1171 1488 28,
1193 1412 1254 1491 aaut

76 1572 87 1586 Ι,
177 1503 325 1589 aalma
350 1509 426 1587 262,
450 1510 493 1587 3.,
522 1513 590 1568 tum
617 1497 721 1583 μείων
748 1504 834 1591 quod
863 1529 1023 1593 nusquam
1046 1505 1135 1593 quod
1155 1506 1240 1570 sciam

177 1606 313 1676 amittit,
345 1604 390 1667 At
410 1603 549 1690 praetuli
569 1605 603 1667 in
625 1593 689 1668 illis
719 1625 820 1680 enon
840 1627 860 1686 η
884 1605 1042 1687 scribere,
1075 1610 1201 1671 secutus
1217 1599 1254 1666 vul

126 1730 129 1737 ·
157 1726 288 1791 ›garem
310 1702 510 1768 Graecorum
530 1697 812 1786 consuetudinem,
834 1727 1027 1791 quamquam
1050 1704 1208 1792 Delphica
1225 1722 1254 1764 ex

177 1811 264 1869 stant
287 1810 416 1889 praeter
433 1800 581 1887 Χαληεῖς
603 1803 868 1889 supracitatum,
892 1798 1145 1888 Κνλλικράτηα,
1163 1798 1254 1884 Ἦραν·

176 1897 268 1992 λήον,
301 1902 355 1967 ubi
387 1925 468 1966 cave
498 1925 517 1986 η
551 1901 709 1966 attribuas
745 1902 877 1967 fortuito
910 1905 1012 1969 errori
1049 1896 1254 1991 pronuntiandi

176 2026 274 2092 quum
297 2004 365 2067 sine
387 2000 485 2066 dubio
508 1999 667 2066 debeatur
690 2001 858 2066 excidenti
886 2004 916 2085 j,
949 2003 989 2068 cf.
1011 2003 1085 2067 Lat.
1108 2004 1254 2088 scriptura

175 2104 302 2186 Medea,
323 2101 476 2188 Lyceum,
499 2099 668 2166 Heraclea.
710 2101 874 2187 Exempla
905 2101 1000 2189 hujus
1023 2101 1210 2190 diphthongi
1228 2097 1254 2161 in·

175 2204 289 2267 teritus
311 2225 352 2266 ex
371 2200 502 2285 vulgari
522 2198 634 2286 lingua
649 2210 776 2265 centum
793 2223 863 2265 sese
877 2211 993 2288 sponte
1010 2203 1159 2268 efferent:
1179 2199 1254 2265 rarior

176 2311 224 2369 est
239 2302 365 2366 affectio
382 2299 617 2386 adjectivorum
631 2301 665 2365 in
682 2321 758 2375 αιος
772 2300 967 2385 cadentium,
990 2312 1165 2389 suppetunt
1179 2310 1254 2364 tamer

177 2401 262 2466 Cret.
296 2391 455 2482 ἇγέλαος,
491 2398 588 2464 Lesb.
619 2392 791 2484 Ὑμὴναον,
830 2396 967 2478 (Danda,
1002 2396 1135 2483 ὅρχαος,
1173 2399 1253 2464 Thes

38 2567 40 2571 ,
120 2567 122 2571 ,
177 2498 291 2563 dracoi
311 2499 390 2564 alia:
422 2492 549 2563 accedit
581 2498 680 2563 etiam
710 2492 789 2575 ὑός,
815 2498 902 2566 ἈΙω
923 2502 1002 2568 Dor.
1028 2508 1096 2583 188,
1126 2496 1254 2567 Weseber

82 2593 87 2601 ’
155 2598 208 2665 et
228 2601 374 2666 Foucart
395 2599 444 2681 25,
468 2604 575 2682 2,·58,
599 2604 647 2680 21,
669 2608 700 2662 et
723 2598 809 2664 alibi
954 2653 958 2659 .

42 2692 46 2700 ¹
260 2699 325 2765 Sed
352 2698 425 2786 plus
457 2696 656 2762 difficultatis
687 2697 823 2784 praebet
850 2699 954 2764 forma
984 2701 1183 2764 ΘΟΙΕΣΤΟ
1202 2713 1254 2786 qua

175 2801 293 2887 legitur
316 2799 375 2864 Oz.
398 2804 426 2863 9.
469 2795 705 2862 Oeconomides
725 2796 805 2883 legit
825 2789 976 2884 θῳῆστω,
1000 2802 1020 2863 i.
1035 2823 1061 2866 e.
1086 2796 1162 2885 θῳὰ
1185 2793 1248 2862 ἔσω

173 2898 347 2967 Kirchhoff
365 2888 450 2959 estt'
476 2889 571 2971 &bins
594 2897 614 2960 i.
630 2919 656 2961 e.
679 2889 773 2959 satta
787 2890 887 2974 ἔστω,
910 2898 1089 2965 Ahrensius
1111 2901 1144 2964 in
1163 2890 1254 2964 Ruhni

176 2982 256 3050 diar.
277 2981 358 3046 VIII
381 2987 439 3047 345
462 2971 533 3063 θῴ’
559 2973 660 3056 ἔστω,
683 2981 705 3043 i.
727 3003 754 3044 e.
781 2983 860 3064 θῴα
882 2977 974 3048 ἔστω.
1018 2983 1083 3048 Sed
1108 2971 1254 3070 nequead

170 3083 328 3169 jectivum
350 3072 458 3154 θώϊος
477 3080 581 3166 neque
609 3078 846 3145 substantivum
868 3083 948 3165 θῴα
967 3093 1079 3147 notum
1102 3071 1254 3164 est31rad‘

173 3190 241 3245 tam
272 3180 429 3244 habemus
463 3178 663 3244 solummodo
693 3179 854 3266 triplicem
887 3181 1024 3247 formam
1057 3178 1164 3267 θωϊή,
1198 3185 1254 3263 dull

174 3273 308 3365 swam)
339 3302 438 3366 quare
465 3279 545 3344 mihi
572 3278 701 3344 videtur
728 3279 898 3346 toleranda
926 3283 1027 3346 crusis
1059 3284 1206 3367 quamvis
1235 3277 1254 3341 il

175 3379 289 3445 solens.
359 3458 362 3462 Ι

256 3478 447 3565 Spectantes
476 3478 684 3542 Homericum
714 3475 809 3564 θωὴν
832 3473 1054 3566 ἐπιθήσομεν,
1084 3480 1143 3546 Οὸ.
1164 3485 1193 3562 β.
1216 3480 1254 3545 19

175 3577 414 3645 Oeconomidae
439 3580 652 3644 assentiemur
675 3581 729 3665 qui
752 3579 918 3644 derivata
939 3580 1079 3646 radda
1111 3583 1173 3646 Est
1186 3582 1254 3667 igit*

174 3702 284 3743 earum
313 3679 491 3742 formarum
521 3701 604 3764 quae
637 3688 711 3744 ante
737 3681 775 3764 ju
806 3679 956 3744 suffixum
989 3680 1134 3746 vocalem
1166 3679 1254 3744 habe

239 3913 282 3978 24)
302 3909 376 3965 Suid.
399 3929 420 3966 s.
439 3929 480 3979 v.‚
497 3911 589 3981 Etyru
607 3927 679 3982 mag.
701 3915 743 3979 26,
760 3916 793 3966 23
820 3912 933 3980 (Archil.
952 3913 1064 3984 Fragm
1086 3919 1134 3970 109
1150 3914 1246 3985 Bergk

174 3993 308 4048 Choercb.
328 3994 419 4064 Epim.
437 3999 495 4059 452,
514 4000 544 4064 33
565 3999 620 4063 118,
640 3999 680 4064 21,
701 3996 790 4049 Schol.
810 3996 838 4048 in
852 3995 950 4066 Odyss.
969 4005 993 4066 ,1.
1014 4003 1071 4053 192.
