<?xml version="1.0" encoding="UTF-8"?>
<!DOCTYPE html PUBLIC "-//W3C//DTD XHTML 1.0 Transitional//EN"
    "http://www.w3.org/TR/xhtml1/DTD/xhtml1-transitional.dtd">
<html xmlns="http://www.w3.org/1999/xhtml" xml:lang="en" lang="en">
 <head>
  <title>
</title>
<meta http-equiv="Content-Type" content="text/html;charset=utf-8" />
  <meta name='ocr-system' content='tesseract 3.04.00' />
  <meta name='ocr-capabilities' content='ocr_page ocr_carea ocr_par ocr_line ocrx_word'/>
</head>
<body>
  <div class='ocr_page' id='page_1' title='image "./studienzurgriec03curtgoog/studienzurgriec03curtgoog_0179.png"; bbox 0 0 2836 4784; ppageno 0'>
   <div class='ocr_carea' id='block_1_1' title="bbox 157 342 770 414">
    <p class='ocr_par' dir='ltr' id='par_1_1' title="bbox 157 342 770 414">
     <span class='ocr_line' id='line_1_1' title="bbox 157 342 770 414; baseline -0.029 0"><span class='ocrx_word' id='word_1_1' title='bbox 157 350 216 414; x_wconf 84' lang='grc'><strong>160</strong></span> <span class='ocrx_word' id='word_1_2' title='bbox 637 342 770 397; x_wconf 86' lang='lat' dir='ltr'><strong>Benseler</strong></span> 
     </span>
    </p>
   </div>
   <div class='ocr_carea' id='block_1_2' title="bbox 65 515 1254 4100">
    <p class='ocr_par' dir='ltr' id='par_1_2' title="bbox 65 515 1254 3979">
     <span class='ocr_line' id='line_1_2' title="bbox 151 515 1252 621; baseline -0.002 -28"><span class='ocrx_word' id='word_1_3' title='bbox 151 517 203 594; x_wconf 71' lang='lat' dir='ltr'><strong>ius</strong></span> <span class='ocrx_word' id='word_1_4' title='bbox 222 529 467 593; x_wconf 87' lang='lat' dir='ltr'><strong>terminatorum</strong></span> <span class='ocrx_word' id='word_1_5' title='bbox 490 548 618 621; x_wconf 73' lang='lat' dir='ltr'><strong>semper</strong></span> <span class='ocrx_word' id='word_1_6' title='bbox 638 529 673 592; x_wconf 92' lang='lat' dir='ltr'><strong>in</strong></span> <span class='ocrx_word' id='word_1_7' title='bbox 694 517 743 612; x_wconf 56' lang='lat' dir='ltr'><strong>ff,</strong></span> <span class='ocrx_word' id='word_1_8' title='bbox 775 548 949 614; x_wconf 81' lang='lat' dir='ltr'><strong>numquam</strong></span> <span class='ocrx_word' id='word_1_9' title='bbox 978 528 1013 592; x_wconf 90' lang='lat' dir='ltr'><strong>in</strong></span> <span class='ocrx_word' id='word_1_10' title='bbox 1034 515 1071 610; x_wconf 71' lang='lat' dir='ltr'><strong>i,</strong></span> <span class='ocrx_word' id='word_1_11' title='bbox 1100 523 1252 619; x_wconf 68' lang='lat' dir='ltr'><strong>substanti·⁴</strong></span> 
     </span>
     <span class='ocr_line' id='line_1_3' title="bbox 89 617 1245 714; baseline -0.003 -21"><span class='ocrx_word' id='word_1_12' title='bbox 89 705 93 713; x_wconf 85' lang='lat'>.</span> <span class='ocrx_word' id='word_1_13' title='bbox 152 651 266 693; x_wconf 89' lang='lat' dir='ltr'><strong>vorum</strong></span> <span class='ocrx_word' id='word_1_14' title='bbox 288 629 322 692; x_wconf 93' lang='lat' dir='ltr'><strong>in</strong></span> <span class='ocrx_word' id='word_1_15' title='bbox 338 617 366 710; x_wconf 67' lang='lat' dir='ltr'><strong>i]</strong></span> <span class='ocrx_word' id='word_1_16' title='bbox 385 649 451 692; x_wconf 93' lang='lat' dir='ltr'><strong>non</strong></span> <span class='ocrx_word' id='word_1_17' title='bbox 472 628 506 691; x_wconf 93' lang='lat' dir='ltr'><strong>in</strong></span> <span class='ocrx_word' id='word_1_18' title='bbox 531 628 562 691; x_wconf 86' lang='lat' dir='ltr'><strong>ie</strong></span> <span class='ocrx_word' id='word_1_19' title='bbox 577 627 799 710; x_wconf 80' lang='lat' dir='ltr'><strong>exirs,&#39;tamen</strong></span> <span class='ocrx_word' id='word_1_20' title='bbox 814 624 927 691; x_wconf 87' lang='lat' dir='ltr'><strong>eodem</strong></span> <span class='ocrx_word' id='word_1_21' title='bbox 939 629 1026 714; x_wconf 91' lang='lat' dir='ltr'><strong>jure,</strong></span> <span class='ocrx_word' id='word_1_22' title='bbox 1048 648 1112 713; x_wconf 92' lang='lat' dir='ltr'><strong>quo</strong></span> <span class='ocrx_word' id='word_1_23' title='bbox 1126 623 1245 690; x_wconf 82' lang='lat' dir='ltr'><strong>Ritscle·</strong></span> 
     </span>
     <span class='ocr_line' id='line_1_4' title="bbox 152 725 1243 815; baseline -0.003 -23"><span class='ocrx_word' id='word_1_24' title='bbox 152 727 214 792; x_wconf 90' lang='lat' dir='ltr'><strong>lius</strong></span> <span class='ocrx_word' id='word_1_25' title='bbox 236 728 410 808; x_wconf 80' lang='lat' dir='ltr'><strong>conclusit,</strong></span> <span class='ocrx_word' id='word_1_26' title='bbox 432 749 530 811; x_wconf 91' lang='lat' dir='ltr'><strong>quum</strong></span> <span class='ocrx_word' id='word_1_27' title='bbox 551 729 718 792; x_wconf 88' lang='lat' dir='ltr'><strong>vocativus</strong></span> <span class='ocrx_word' id='word_1_28' title='bbox 741 726 993 813; x_wconf 80' lang='lat' dir='ltr'><strong>adjectivorum,</strong></span> <span class='ocrx_word' id='word_1_29' title='bbox 1015 746 1101 815; x_wconf 89' lang='lat' dir='ltr'><strong>quae</strong></span> <span class='ocrx_word' id='word_1_30' title='bbox 1121 725 1243 789; x_wconf 67' lang='lat' dir='ltr'><strong>termine</strong></span> 
     </span>
     <span class='ocr_line' id='line_1_5' title="bbox 153 822 1243 914; baseline -0.005 -23"><span class='ocrx_word' id='word_1_31' title='bbox 153 829 242 892; x_wconf 92' lang='lat' dir='ltr'><strong>tione</strong></span> <span class='ocrx_word' id='word_1_32' title='bbox 262 826 462 914; x_wconf 89' lang='lat' dir='ltr'><strong>ampliorea</strong></span> <span class='ocrx_word' id='word_1_33' title='bbox 490 825 701 892; x_wconf 76' lang='lat' dir='ltr'><strong>substantivis</strong></span> <span class='ocrx_word' id='word_1_34' title='bbox 732 826 931 910; x_wconf 84' lang='lat' dir='ltr'><strong>distinguere</strong></span> <span class='ocrx_word' id='word_1_35' title='bbox 962 825 1076 911; x_wconf 87' lang='lat' dir='ltr'><strong>lingua</strong></span> <span class='ocrx_word' id='word_1_36' title='bbox 1106 822 1243 904; x_wconf 86' lang='lat' dir='ltr'><strong>voluisset,</strong></span> 
     </span>
     <span class='ocr_line' id='line_1_6' title="bbox 154 915 1242 1012; baseline -0.005 -21"><span class='ocrx_word' id='word_1_37' title='bbox 154 949 174 991; x_wconf 90' lang='lat' dir='ltr'><strong>a</strong></span> <span class='ocrx_word' id='word_1_38' title='bbox 197 925 341 1012; x_wconf 86' lang='lat' dir='ltr'><strong>pleniore</strong></span> <span class='ocrx_word' id='word_1_39' title='bbox 364 915 664 991; x_wconf 58' lang='lat' dir='ltr'><strong>terminationeffi</strong></span> <span class='ocrx_word' id='word_1_40' title='bbox 677 916 859 1008; x_wconf 84' lang='lat' dir='ltr'><strong>duceretur,</strong></span> <span class='ocrx_word' id='word_1_41' title='bbox 881 946 954 988; x_wconf 89' lang='lat' dir='ltr'><strong>eum</strong></span> <span class='ocrx_word' id='word_1_42' title='bbox 973 923 1157 988; x_wconf 88' lang='lat' dir='ltr'><strong>breviorem</strong></span> <span class='ocrx_word' id='word_1_43' title='bbox 1173 942 1242 986; x_wconf 81' lang='lat' dir='ltr'><strong>voca·</strong></span> 
     </span>
     <span class='ocr_line' id='line_1_7' title="bbox 154 1023 1242 1108; baseline -0.003 -19"><span class='ocrx_word' id='word_1_44' title='bbox 154 1026 256 1089; x_wconf 89' lang='lat' dir='ltr'><strong>tivum</strong></span> <span class='ocrx_word' id='word_1_45' title='bbox 278 1023 555 1089; x_wconf 80' lang='lat' dir='ltr'><strong>substantivorum</strong></span> <span class='ocrx_word' id='word_1_46' title='bbox 576 1028 794 1092; x_wconf 87' lang='lat' dir='ltr'><strong>testimonium</strong></span> <span class='ocrx_word' id='word_1_47' title='bbox 817 1046 888 1090; x_wconf 90' lang='lat' dir='ltr'><strong>esse</strong></span> <span class='ocrx_word' id='word_1_48' title='bbox 916 1023 1107 1108; x_wconf 87' lang='lat' dir='ltr'><strong>antiquioris</strong></span> <span class='ocrx_word' id='word_1_49' title='bbox 1128 1024 1242 1086; x_wconf 76' lang='lat' dir='ltr'><strong>nomina</strong></span> 
     </span>
     <span class='ocr_line' id='line_1_8' title="bbox 153 1113 1201 1213; baseline 0 -25"><span class='ocrx_word' id='word_1_50' title='bbox 153 1125 212 1188; x_wconf 88' lang='lat' dir='ltr'><strong>tivi</strong></span> <span class='ocrx_word' id='word_1_51' title='bbox 236 1122 512 1189; x_wconf 87' lang='lat' dir='ltr'><strong>substantivorum</strong></span> <span class='ocrx_word' id='word_1_52' title='bbox 534 1124 669 1213; x_wconf 89' lang='lat' dir='ltr'><strong>alicujus</strong></span> <span class='ocrx_word' id='word_1_53' title='bbox 692 1126 767 1192; x_wconf 90' lang='lat' dir='ltr'><strong>olim</strong></span> <span class='ocrx_word' id='word_1_54' title='bbox 788 1128 822 1191; x_wconf 89' lang='lat' dir='ltr'><strong>in</strong></span> <span class='ocrx_word' id='word_1_55' title='bbox 840 1113 874 1190; x_wconf 57' lang='lat' dir='ltr'><strong>b</strong></span> <span class='ocrx_word' id='word_1_56' title='bbox 895 1125 1118 1206; x_wconf 89' lang='lat' dir='ltr'><strong>terminantis,</strong></span> <span class='ocrx_word' id='word_1_57' title='bbox 1139 1123 1201 1210; x_wconf 88' lang='lat' dir='ltr'><strong>—j</strong></span> 
     </span>
     <span class='ocr_line' id='line_1_9' title="bbox 153 1221 1241 1312; baseline -0.002 -24"><span class='ocrx_word' id='word_1_58' title='bbox 153 1223 267 1288; x_wconf 88' lang='lat' dir='ltr'><strong>eodem</strong></span> <span class='ocrx_word' id='word_1_59' title='bbox 287 1222 399 1289; x_wconf 86' lang='lat' dir='ltr'><strong>licebit</strong></span> <span class='ocrx_word' id='word_1_60' title='bbox 420 1223 612 1289; x_wconf 86' lang='lat' dir='ltr'><strong>concludere</strong></span> <span class='ocrx_word' id='word_1_61' title='bbox 633 1224 794 1311; x_wconf 86' lang='lat' dir='ltr'><strong>linguam,</strong></span> <span class='ocrx_word' id='word_1_62' title='bbox 823 1226 893 1289; x_wconf 90' lang='lat' dir='ltr'><strong>sive</strong></span> <span class='ocrx_word' id='word_1_63' title='bbox 913 1224 1103 1289; x_wconf 88' lang='lat' dir='ltr'><strong>vocativum</strong></span> <span class='ocrx_word' id='word_1_64' title='bbox 1124 1221 1241 1312; x_wconf 66' lang='lat' dir='ltr'><strong>substan</strong></span> 
     </span>
     <span class='ocr_line' id='line_1_10' title="bbox 151 1312 1241 1410; baseline -0.005 -22"><span class='ocrx_word' id='word_1_65' title='bbox 151 1324 292 1388; x_wconf 91' lang='lat' dir='ltr'><strong>tivorum</strong></span> <span class='ocrx_word' id='word_1_66' title='bbox 322 1345 342 1387; x_wconf 91' lang='lat' dir='ltr'><strong>a</strong></span> <span class='ocrx_word' id='word_1_67' title='bbox 375 1331 526 1410; x_wconf 90' lang='lat' dir='ltr'><strong>correpta</strong></span> <span class='ocrx_word' id='word_1_68' title='bbox 556 1325 750 1389; x_wconf 87' lang='lat' dir='ltr'><strong>nominativi</strong></span> <span class='ocrx_word' id='word_1_69' title='bbox 780 1324 886 1389; x_wconf 84' lang='lat' dir='ltr'><strong>forma</strong></span> <span class='ocrx_word' id='word_1_70' title='bbox 915 1324 951 1387; x_wconf 89' lang='lat' dir='ltr'><strong>in</strong></span> <span class='ocrx_word' id='word_1_71' title='bbox 976 1312 1009 1387; x_wconf 74' lang='lat' dir='ltr'><strong>is</strong></span> <span class='ocrx_word' id='word_1_72' title='bbox 1037 1331 1173 1387; x_wconf 88' lang='lat' dir='ltr'><strong>exeunte</strong></span> <span class='ocrx_word' id='word_1_73' title='bbox 1197 1320 1241 1384; x_wconf 90' lang='lat' dir='ltr'><strong>ini</strong></span> 
     </span>
     <span class='ocr_line' id='line_1_11' title="bbox 153 1412 1243 1510; baseline -0.003 -22"><span class='ocrx_word' id='word_1_74' title='bbox 153 1421 367 1504; x_wconf 89' lang='lat' dir='ltr'><strong>terminabat,</strong></span> <span class='ocrx_word' id='word_1_75' title='bbox 397 1423 466 1488; x_wconf 91' lang='lat' dir='ltr'><strong>sive</strong></span> <span class='ocrx_word' id='word_1_76' title='bbox 485 1412 518 1488; x_wconf 55' lang='grc' dir='ltr'>ᾗ</span> <span class='ocrx_word' id='word_1_77' title='bbox 538 1425 635 1488; x_wconf 89' lang='lat' dir='ltr'><strong>etiam</strong></span> <span class='ocrx_word' id='word_1_78' title='bbox 651 1435 720 1489; x_wconf 93' lang='lat' dir='ltr'><strong>tum</strong></span> <span class='ocrx_word' id='word_1_79' title='bbox 734 1427 768 1489; x_wconf 92' lang='lat' dir='ltr'><strong>in</strong></span> <span class='ocrx_word' id='word_1_80' title='bbox 784 1413 1033 1510; x_wconf 68' lang='lat' dir='ltr'><strong>icorripiebst,</strong></span> <span class='ocrx_word' id='word_1_81' title='bbox 1056 1443 1154 1510; x_wconf 92' lang='lat' dir='ltr'><strong>quum</strong></span> <span class='ocrx_word' id='word_1_82' title='bbox 1167 1419 1243 1501; x_wconf 82' lang='lat' dir='ltr'><strong>solun</strong></span> 
     </span>
     <span class='ocr_line' id='line_1_12' title="bbox 152 1511 1242 1609; baseline -0.002 -23"><span class='ocrx_word' id='word_1_83' title='bbox 152 1524 186 1587; x_wconf 92' lang='lat' dir='ltr'><strong>in</strong></span> <span class='ocrx_word' id='word_1_84' title='bbox 211 1511 262 1587; x_wconf 68' lang='lat' dir='ltr'><strong>ius</strong></span> <span class='ocrx_word' id='word_1_85' title='bbox 277 1524 347 1609; x_wconf 90' lang='lat' dir='ltr'><strong>jam</strong></span> <span class='ocrx_word' id='word_1_86' title='bbox 370 1521 492 1587; x_wconf 89' lang='lat' dir='ltr'><strong>dudum</strong></span> <span class='ocrx_word' id='word_1_87' title='bbox 513 1535 683 1588; x_wconf 88' lang='lat' dir='ltr'><strong>exeuntem</strong></span> <span class='ocrx_word' id='word_1_88' title='bbox 704 1522 1124 1604; x_wconf 83' lang='lat' dir='ltr'><strong>nominativum&#39;formavit,</strong></span> <span class='ocrx_word' id='word_1_89' title='bbox 1144 1538 1242 1606; x_wconf 74' lang='lat' dir='ltr'><strong>semper</strong></span> 
     </span>
     <span class='ocr_line' id='line_1_13' title="bbox 152 1618 1240 1710; baseline -0.002 -25"><span class='ocrx_word' id='word_1_90' title='bbox 152 1620 400 1708; x_wconf 83' lang='lat' dir='ltr'><strong>adjectivorum,</strong></span> <span class='ocrx_word' id='word_1_91' title='bbox 423 1623 500 1710; x_wconf 93' lang='lat' dir='ltr'><strong>quia</strong></span> <span class='ocrx_word' id='word_1_92' title='bbox 523 1646 543 1687; x_wconf 91' lang='lat' dir='ltr'><strong>a</strong></span> <span class='ocrx_word' id='word_1_93' title='bbox 563 1621 775 1688; x_wconf 89' lang='lat' dir='ltr'><strong>substantivis</strong></span> <span class='ocrx_word' id='word_1_94' title='bbox 797 1621 983 1687; x_wconf 87' lang='lat' dir='ltr'><strong>discerncre</strong></span> <span class='ocrx_word' id='word_1_95' title='bbox 1005 1619 1120 1703; x_wconf 84' lang='lat' dir='ltr'><strong>vellet,</strong></span> <span class='ocrx_word' id='word_1_96' title='bbox 1147 1618 1240 1685; x_wconf 84' lang='lat' dir='ltr'><strong>vocati</strong></span> 
     </span>
     <span class='ocr_line' id='line_1_14' title="bbox 150 1711 1242 1811; baseline -0.003 -25"><span class='ocrx_word' id='word_1_97' title='bbox 150 1744 229 1786; x_wconf 90' lang='lat' dir='ltr'><strong>vum</strong></span> <span class='ocrx_word' id='word_1_98' title='bbox 258 1720 301 1785; x_wconf 91' lang='lat' dir='ltr'><strong>ab</strong></span> <span class='ocrx_word' id='word_1_99' title='bbox 324 1722 504 1808; x_wconf 88' lang='lat' dir='ltr'><strong>antiquiore</strong></span> <span class='ocrx_word' id='word_1_100' title='bbox 535 1732 566 1787; x_wconf 90' lang='lat' dir='ltr'><strong>et</strong></span> <span class='ocrx_word' id='word_1_101' title='bbox 592 1721 749 1808; x_wconf 90' lang='lat' dir='ltr'><strong>ampliore</strong></span> <span class='ocrx_word' id='word_1_102' title='bbox 776 1744 859 1811; x_wconf 89' lang='lat' dir='ltr'><strong>quae</strong></span> <span class='ocrx_word' id='word_1_103' title='bbox 886 1723 921 1785; x_wconf 90' lang='lat' dir='ltr'><strong>in</strong></span> <span class='ocrx_word' id='word_1_104' title='bbox 941 1711 1039 1786; x_wconf 42' lang='lat' dir='ltr'><strong>&#39;arius</strong></span> <span class='ocrx_word' id='word_1_105' title='bbox 1075 1717 1242 1784; x_wconf 78' lang='lat' dir='ltr'><strong>terminabat</strong></span> 
     </span>
     <span class='ocr_line' id='line_1_15' title="bbox 151 1819 1242 1904; baseline 0 -20"><span class='ocrx_word' id='word_1_106' title='bbox 151 1820 257 1885; x_wconf 85' lang='lat' dir='ltr'><strong>forma</strong></span> <span class='ocrx_word' id='word_1_107' title='bbox 278 1819 420 1885; x_wconf 85' lang='lat' dir='ltr'><strong>duxisse.</strong></span> <span class='ocrx_word' id='word_1_108' title='bbox 463 1819 560 1900; x_wconf 76' lang='lat' dir='ltr'><strong>Quod</strong></span> <span class='ocrx_word' id='word_1_109' title='bbox 582 1832 688 1887; x_wconf 87' lang='lat' dir='ltr'><strong>autem</strong></span> <span class='ocrx_word' id='word_1_110' title='bbox 709 1821 751 1887; x_wconf 87' lang='lat' dir='ltr'><strong>de</strong></span> <span class='ocrx_word' id='word_1_111' title='bbox 771 1824 923 1888; x_wconf 87' lang='lat' dir='ltr'><strong>vocativo</strong></span> <span class='ocrx_word' id='word_1_112' title='bbox 949 1820 984 1885; x_wconf 91' lang='lat' dir='ltr'><strong>id</strong></span> <span class='ocrx_word' id='word_1_113' title='bbox 1004 1819 1093 1885; x_wconf 88' lang='lat' dir='ltr'><strong>valet</strong></span> <span class='ocrx_word' id='word_1_114' title='bbox 1114 1819 1153 1889; x_wconf 85' lang='lat' dir='ltr'><strong>de</strong></span> <span class='ocrx_word' id='word_1_115' title='bbox 1173 1837 1242 1904; x_wconf 78' lang='lat' dir='ltr'><strong>gem</strong></span> 
     </span>
     <span class='ocr_line' id='line_1_16' title="bbox 123 1906 1241 2014; baseline -0.003 -30"><span class='ocrx_word' id='word_1_116' title='bbox 123 1934 126 1939; x_wconf 81' lang='grc'>’</span> <span class='ocrx_word' id='word_1_117' title='bbox 150 1921 218 1985; x_wconf 92' lang='lat' dir='ltr'><strong>tivo</strong></span> <span class='ocrx_word' id='word_1_118' title='bbox 242 1923 514 2014; x_wconf 50' lang='lat' dir='ltr'><strong>quoque—numeri</strong></span> <span class='ocrx_word' id='word_1_119' title='bbox 536 1921 730 2007; x_wconf 85' lang='lat' dir='ltr'><strong>singularis,</strong></span> <span class='ocrx_word' id='word_1_120' title='bbox 760 1944 856 2008; x_wconf 91' lang='lat' dir='ltr'><strong>quem</strong></span> <span class='ocrx_word' id='word_1_121' title='bbox 876 1921 1084 1986; x_wconf 86' lang='lat' dir='ltr'><strong>substantiva</strong></span> <span class='ocrx_word' id='word_1_122' title='bbox 1104 1921 1138 1983; x_wconf 89' lang='lat' dir='ltr'><strong>in</strong></span> <span class='ocrx_word' id='word_1_123' title='bbox 1151 1906 1185 1994; x_wconf 72' lang='grc' dir='ltr'><strong>ἶ,</strong></span> <span class='ocrx_word' id='word_1_124' title='bbox 1203 1913 1241 1981; x_wconf 84' lang='lat' dir='ltr'><strong>ad·</strong></span> 
     </span>
     <span class='ocr_line' id='line_1_17' title="bbox 147 2017 1244 2110; baseline -0.002 -26"><span class='ocrx_word' id='word_1_125' title='bbox 147 2021 271 2107; x_wconf 88' lang='lat' dir='ltr'><strong>jectiva</strong></span> <span class='ocrx_word' id='word_1_126' title='bbox 298 2021 334 2084; x_wconf 92' lang='lat' dir='ltr'><strong>in</strong></span> <span class='ocrx_word' id='word_1_127' title='bbox 365 2023 388 2084; x_wconf 93' lang='lat' dir='ltr'><strong>ii</strong></span> <span class='ocrx_word' id='word_1_128' title='bbox 414 2022 597 2086; x_wconf 91' lang='lat' dir='ltr'><strong>terminant.</strong></span> <span class='ocrx_word' id='word_1_129' title='bbox 639 2021 754 2110; x_wconf 92' lang='lat' dir='ltr'><strong>Itaque</strong></span> <span class='ocrx_word' id='word_1_130' title='bbox 785 2020 821 2085; x_wconf 93' lang='lat' dir='ltr'><strong>id</strong></span> <span class='ocrx_word' id='word_1_131' title='bbox 842 2043 941 2086; x_wconf 90' lang='lat' dir='ltr'><strong>unum</strong></span> <span class='ocrx_word' id='word_1_132' title='bbox 973 2027 1102 2085; x_wconf 90' lang='lat' dir='ltr'><strong>constat</strong></span> <span class='ocrx_word' id='word_1_133' title='bbox 1126 2017 1244 2104; x_wconf 79' lang='lat' dir='ltr'><strong>linguan</strong></span> 
     </span>
     <span class='ocr_line' id='line_1_18' title="bbox 152 2117 1243 2207; baseline 0 -24"><span class='ocrx_word' id='word_1_134' title='bbox 152 2117 284 2184; x_wconf 90' lang='lat' dir='ltr'><strong>consilio</strong></span> <span class='ocrx_word' id='word_1_135' title='bbox 301 2120 440 2207; x_wconf 90' lang='lat' dir='ltr'><strong>quodam</strong></span> <span class='ocrx_word' id='word_1_136' title='bbox 455 2120 593 2185; x_wconf 90' lang='lat' dir='ltr'><strong>diversis</strong></span> <span class='ocrx_word' id='word_1_137' title='bbox 607 2121 710 2186; x_wconf 88' lang='lat' dir='ltr'><strong>modis</strong></span> <span class='ocrx_word' id='word_1_138' title='bbox 725 2123 891 2206; x_wconf 87' lang='lat' dir='ltr'><strong>genetivos</strong></span> <span class='ocrx_word' id='word_1_139' title='bbox 914 2132 946 2185; x_wconf 88' lang='lat' dir='ltr'><strong>et</strong></span> <span class='ocrx_word' id='word_1_140' title='bbox 964 2120 1133 2186; x_wconf 88' lang='lat' dir='ltr'><strong>vocativos</strong></span> <span class='ocrx_word' id='word_1_141' title='bbox 1154 2119 1243 2184; x_wconf 80' lang='lat' dir='ltr'><strong>houm</strong></span> 
     </span>
     <span class='ocr_line' id='line_1_19' title="bbox 154 2217 1245 2307; baseline -0.001 -23"><span class='ocrx_word' id='word_1_142' title='bbox 154 2219 427 2284; x_wconf 87' lang='lat' dir='ltr'><strong>substantivorum</strong></span> <span class='ocrx_word' id='word_1_143' title='bbox 442 2229 473 2284; x_wconf 93' lang='lat' dir='ltr'><strong>et</strong></span> <span class='ocrx_word' id='word_1_144' title='bbox 488 2219 723 2307; x_wconf 89' lang='lat' dir='ltr'><strong>adjectivorum</strong></span> <span class='ocrx_word' id='word_1_145' title='bbox 737 2220 946 2303; x_wconf 72' lang='lat' dir='ltr'><strong>formavisse,</strong></span> <span class='ocrx_word' id='word_1_146' title='bbox 962 2217 1151 2306; x_wconf 87' lang='lat' dir='ltr'><strong>explicandi</strong></span> <span class='ocrx_word' id='word_1_147' title='bbox 1163 2227 1245 2283; x_wconf 67' lang='lat' dir='ltr'><strong>autu</strong></span> 
     </span>
     <span class='ocr_line' id='line_1_20' title="bbox 150 2318 1246 2408; baseline 0.001 -25"><span class='ocrx_word' id='word_1_148' title='bbox 150 2320 294 2384; x_wconf 84' lang='lat' dir='ltr'><strong>rationes</strong></span> <span class='ocrx_word' id='word_1_149' title='bbox 325 2340 396 2383; x_wconf 88' lang='lat' dir='ltr'><strong>esse</strong></span> <span class='ocrx_word' id='word_1_150' title='bbox 426 2318 524 2402; x_wconf 90' lang='lat' dir='ltr'><strong>duas,</strong></span> <span class='ocrx_word' id='word_1_151' title='bbox 553 2343 687 2406; x_wconf 90' lang='lat' dir='ltr'><strong>quarum</strong></span> <span class='ocrx_word' id='word_1_152' title='bbox 710 2320 789 2385; x_wconf 92' lang='lat' dir='ltr'><strong>mibi</strong></span> <span class='ocrx_word' id='word_1_153' title='bbox 809 2329 942 2408; x_wconf 89' lang='lat' dir='ltr'><strong>propter</strong></span> <span class='ocrx_word' id='word_1_154' title='bbox 963 2318 1111 2384; x_wconf 89' lang='lat' dir='ltr'><strong>ordinem</strong></span> <span class='ocrx_word' id='word_1_155' title='bbox 1130 2327 1246 2384; x_wconf 78' lang='lat' dir='ltr'><strong>aetam</strong></span> 
     </span>
     <span class='ocr_line' id='line_1_21' title="bbox 154 2407 1247 2507; baseline -0.003 -25"><span class='ocrx_word' id='word_1_156' title='bbox 154 2418 236 2483; x_wconf 87' lang='lat' dir='ltr'><strong>haec</strong></span> <span class='ocrx_word' id='word_1_157' title='bbox 257 2417 390 2482; x_wconf 84' lang='lat' dir='ltr'><strong>videtur</strong></span> <span class='ocrx_word' id='word_1_158' title='bbox 423 2417 643 2502; x_wconf 79' lang='lat' dir='ltr'><strong>meliorasse,</strong></span> <span class='ocrx_word' id='word_1_159' title='bbox 677 2443 744 2507; x_wconf 89' lang='lat' dir='ltr'><strong>qua</strong></span> <span class='ocrx_word' id='word_1_160' title='bbox 757 2409 840 2485; x_wconf 62' lang='lat' dir='ltr'><strong>{fis</strong></span> <span class='ocrx_word' id='word_1_161' title='bbox 864 2432 896 2487; x_wconf 89' lang='lat' dir='ltr'><strong>et</strong></span> <span class='ocrx_word' id='word_1_162' title='bbox 923 2407 977 2485; x_wconf 54' lang='lat' dir='ltr'><strong>lm</strong></span> <span class='ocrx_word' id='word_1_163' title='bbox 986 2421 1247 2486; x_wconf 80' lang='lat' dir='ltr'><strong>terminationes-r</strong></span> 
     </span>
     <span class='ocr_line' id='line_1_22' title="bbox 154 2506 1248 2609; baseline -0.001 -28"><span class='ocrx_word' id='word_1_164' title='bbox 154 2518 318 2604; x_wconf 92' lang='lat' dir='ltr'><strong>prioribus</strong></span> <span class='ocrx_word' id='word_1_165' title='bbox 359 2506 446 2582; x_wconf 63' lang='lat' dir='ltr'><strong>diffie</strong></span> <span class='ocrx_word' id='word_1_166' title='bbox 474 2528 506 2583; x_wconf 90' lang='lat' dir='ltr'><strong>et</strong></span> <span class='ocrx_word' id='word_1_167' title='bbox 532 2506 599 2583; x_wconf 61' lang='lat' dir='ltr'><strong>lius</strong></span> <span class='ocrx_word' id='word_1_168' title='bbox 628 2530 812 2585; x_wconf 89' lang='lat' dir='ltr'><strong>contractas</strong></span> <span class='ocrx_word' id='word_1_169' title='bbox 835 2521 1000 2609; x_wconf 83' lang='lat' dir='ltr'><strong>explicare</strong></span> <span class='ocrx_word' id='word_1_170' title='bbox 1027 2521 1130 2585; x_wconf 88' lang='lat' dir='ltr'><strong>simus</strong></span> <span class='ocrx_word' id='word_1_171' title='bbox 1154 2514 1248 2584; x_wconf 65' lang='lat' dir='ltr'><strong>consi</strong></span> 
     </span>
     <span class='ocr_line' id='line_1_23' title="bbox 154 2616 1248 2707; baseline -0.002 -25"><span class='ocrx_word' id='word_1_172' title='bbox 154 2616 304 2683; x_wconf 83' lang='lat' dir='ltr'><strong>Ceterum</strong></span> <span class='ocrx_word' id='word_1_173' title='bbox 327 2617 411 2705; x_wconf 92' lang='lat' dir='ltr'><strong>quod</strong></span> <span class='ocrx_word' id='word_1_174' title='bbox 433 2617 545 2703; x_wconf 89' lang='lat' dir='ltr'><strong>lingua</strong></span> <span class='ocrx_word' id='word_1_175' title='bbox 559 2641 800 2706; x_wconf 86' lang='lat' dir='ltr'><strong>nonnumquam</strong></span> <span class='ocrx_word' id='word_1_176' title='bbox 822 2643 861 2685; x_wconf 91' lang='lat' dir='ltr'><strong>ea</strong></span> <span class='ocrx_word' id='word_1_177' title='bbox 880 2619 962 2706; x_wconf 85' lang='lat' dir='ltr'><strong>lege,</strong></span> <span class='ocrx_word' id='word_1_178' title='bbox 985 2641 1049 2704; x_wconf 89' lang='lat' dir='ltr'><strong>qua</strong></span> <span class='ocrx_word' id='word_1_179' title='bbox 1062 2618 1146 2684; x_wconf 90' lang='lat' dir='ltr'><strong>haec</strong></span> <span class='ocrx_word' id='word_1_180' title='bbox 1162 2618 1248 2707; x_wconf 81' lang='lat' dir='ltr'><strong>adjec</strong></span> 
     </span>
     <span class='ocr_line' id='line_1_24' title="bbox 152 2715 1249 2805; baseline 0 -23"><span class='ocrx_word' id='word_1_181' title='bbox 152 2719 220 2782; x_wconf 90' lang='lat' dir='ltr'><strong>tiva</strong></span> <span class='ocrx_word' id='word_1_182' title='bbox 243 2725 274 2780; x_wconf 92' lang='lat' dir='ltr'><strong>et</strong></span> <span class='ocrx_word' id='word_1_183' title='bbox 295 2715 499 2781; x_wconf 89' lang='lat' dir='ltr'><strong>substantiva</strong></span> <span class='ocrx_word' id='word_1_184' title='bbox 519 2719 552 2781; x_wconf 90' lang='lat' dir='ltr'><strong>in</strong></span> <span class='ocrx_word' id='word_1_185' title='bbox 572 2721 723 2783; x_wconf 89' lang='lat' dir='ltr'><strong>vocativo</strong></span> <span class='ocrx_word' id='word_1_186' title='bbox 746 2730 777 2783; x_wconf 89' lang='lat' dir='ltr'><strong>et</strong></span> <span class='ocrx_word' id='word_1_187' title='bbox 792 2723 942 2805; x_wconf 87' lang='lat' dir='ltr'><strong>genetivo</strong></span> <span class='ocrx_word' id='word_1_188' title='bbox 957 2718 1098 2783; x_wconf 86' lang='lat' dir='ltr'><strong>diversis</strong></span> <span class='ocrx_word' id='word_1_189' title='bbox 1119 2719 1249 2785; x_wconf 73' lang='lat' dir='ltr'><strong>termina</strong></span> 
     </span>
     <span class='ocr_line' id='line_1_25' title="bbox 151 2815 1248 2903; baseline -0.002 -23"><span class='ocrx_word' id='word_1_190' title='bbox 151 2816 295 2882; x_wconf 91' lang='lat' dir='ltr'><strong>tionibus</strong></span> <span class='ocrx_word' id='word_1_191' title='bbox 329 2815 543 2899; x_wconf 83' lang='lat' dir='ltr'><strong>discerneret,</strong></span> <span class='ocrx_word' id='word_1_192' title='bbox 577 2840 711 2903; x_wconf 85' lang='lat' dir='ltr'><strong>egressa</strong></span> <span class='ocrx_word' id='word_1_193' title='bbox 743 2821 799 2902; x_wconf 88' lang='lat' dir='ltr'><strong>sit,</strong></span> <span class='ocrx_word' id='word_1_194' title='bbox 832 2842 927 2884; x_wconf 89' lang='lat' dir='ltr'><strong>nemo</strong></span> <span class='ocrx_word' id='word_1_195' title='bbox 941 2859 944 2864; x_wconf 94' lang='lat'><em>-</em></span> <span class='ocrx_word' id='word_1_196' title='bbox 960 2819 1056 2882; x_wconf 87' lang='lat' dir='ltr'><strong>nimis</strong></span> <span class='ocrx_word' id='word_1_197' title='bbox 1089 2818 1248 2884; x_wconf 82' lang='lat' dir='ltr'><strong>mirabitur.</strong></span> 
     </span>
     <span class='ocr_line' id='line_1_26' title="bbox 151 2904 1249 3003; baseline 0.002 -23"><span class='ocrx_word' id='word_1_198' title='bbox 151 2916 296 3003; x_wconf 84' lang='lat' dir='ltr'><strong>Egressa</strong></span> <span class='ocrx_word' id='word_1_199' title='bbox 329 2939 407 2981; x_wconf 90' lang='lat' dir='ltr'><strong>vero</strong></span> <span class='ocrx_word' id='word_1_200' title='bbox 439 2927 487 2981; x_wconf 89' lang='lat' dir='ltr'><strong>est</strong></span> <span class='ocrx_word' id='word_1_201' title='bbox 517 2919 550 2981; x_wconf 91' lang='lat' dir='ltr'><strong>in</strong></span> <span class='ocrx_word' id='word_1_202' title='bbox 584 2917 741 3003; x_wconf 85' lang='lat' dir='ltr'><strong>exemplis</strong></span> <span class='ocrx_word' id='word_1_203' title='bbox 774 2917 900 2984; x_wconf 92' lang='lat' dir='ltr'><strong>duobus</strong></span> <span class='ocrx_word' id='word_1_204' title='bbox 932 2941 953 2982; x_wconf 92' lang='lat' dir='ltr'><strong>a</strong></span> <span class='ocrx_word' id='word_1_205' title='bbox 980 2917 1158 2992; x_wconf 87' lang='lat' dir='ltr'><strong>Ritschelio</strong></span> <span class='ocrx_word' id='word_1_206' title='bbox 1189 2904 1249 2982; x_wconf 78' lang='lat' dir='ltr'><strong>detl·</strong></span> 
     </span>
     <span class='ocr_line' id='line_1_27' title="bbox 153 3015 1249 3102; baseline 0.002 -22"><span class='ocrx_word' id='word_1_207' title='bbox 153 3039 186 3102; x_wconf 92' lang='lat' dir='ltr'><strong>p.</strong></span> <span class='ocrx_word' id='word_1_208' title='bbox 209 3021 257 3083; x_wconf 82' lang='lat'><strong>23.</strong></span> <span class='ocrx_word' id='word_1_209' title='bbox 282 3015 478 3099; x_wconf 67' lang='lat' dir='ltr'><strong>stallatis,</strong></span> <span class='ocrx_word' id='word_1_210' title='bbox 515 3039 651 3102; x_wconf 93' lang='lat' dir='ltr'><strong>quorum</strong></span> <span class='ocrx_word' id='word_1_211' title='bbox 684 3016 819 3082; x_wconf 89' lang='lat' dir='ltr'><strong>alterum</strong></span> <span class='ocrx_word' id='word_1_212' title='bbox 849 3017 914 3097; x_wconf 72' lang='lat' dir='ltr'><strong>fib‘e</strong></span> <span class='ocrx_word' id='word_1_213' title='bbox 947 3018 1136 3082; x_wconf 88' lang='lat' dir='ltr'><strong>vocativum</strong></span> <span class='ocrx_word' id='word_1_214' title='bbox 1155 3015 1249 3082; x_wconf 78' lang='lat' dir='ltr'><strong>Livio</strong></span> 
     </span>
     <span class='ocr_line' id='line_1_28' title="bbox 152 3109 1249 3202; baseline -0.001 -23"><span class='ocrx_word' id='word_1_215' title='bbox 152 3114 359 3180; x_wconf 89' lang='lat' dir='ltr'><strong>Andronicus</strong></span> <span class='ocrx_word' id='word_1_216' title='bbox 387 3117 533 3202; x_wconf 90' lang='lat' dir='ltr'><strong>scripsit,</strong></span> <span class='ocrx_word' id='word_1_217' title='bbox 565 3116 752 3182; x_wconf 89' lang='lat' dir='ltr'><strong>Priscianus</strong></span> <span class='ocrx_word' id='word_1_218' title='bbox 778 3117 851 3182; x_wconf 79' lang='lat' dir='ltr'><strong>VIL</strong></span> <span class='ocrx_word' id='word_1_219' title='bbox 881 3141 912 3202; x_wconf 87' lang='lat' dir='ltr'><strong>p.</strong></span> <span class='ocrx_word' id='word_1_220' title='bbox 934 3122 993 3189; x_wconf 84' lang='lat'><strong>739</strong></span> <span class='ocrx_word' id='word_1_221' title='bbox 1014 3116 1052 3181; x_wconf 89' lang='grc' dir='ltr'><strong>Ρ.</strong></span> <span class='ocrx_word' id='word_1_222' title='bbox 1072 3121 1145 3201; x_wconf 83' lang='lat'><strong>301,</strong></span> <span class='ocrx_word' id='word_1_223' title='bbox 1165 3109 1249 3184; x_wconf 79' lang='lat' dir='ltr'><strong>20&#39;ll</strong></span> 
     </span>
     <span class='ocr_line' id='line_1_29' title="bbox 65 3211 1250 3297; baseline 0.002 -19"><span class='ocrx_word' id='word_1_224' title='bbox 65 3229 69 3235; x_wconf 84' lang='lat'>&#39;</span> <span class='ocrx_word' id='word_1_225' title='bbox 153 3213 307 3297; x_wconf 85' lang='lat' dir='ltr'><strong>tradidit,</strong></span> <span class='ocrx_word' id='word_1_226' title='bbox 337 3214 474 3294; x_wconf 83' lang='lat' dir='ltr'><strong>alterum</strong></span> <span class='ocrx_word' id='word_1_227' title='bbox 495 3214 650 3278; x_wconf 68' lang='lat' dir='ltr'><strong>manum</strong></span> <span class='ocrx_word' id='word_1_228' title='bbox 672 3219 857 3281; x_wconf 84' lang='lat' dir='ltr'><strong>vocativum</strong></span> <span class='ocrx_word' id='word_1_229' title='bbox 878 3214 1038 3291; x_wconf 85' lang='lat' dir='ltr'><strong>Laberius</strong></span> <span class='ocrx_word' id='word_1_230' title='bbox 1060 3227 1143 3281; x_wconf 89' lang='lat' dir='ltr'><strong>teste</strong></span> <span class='ocrx_word' id='word_1_231' title='bbox 1164 3211 1250 3282; x_wconf 70' lang='lat' dir='ltr'><strong>Gellio</strong></span> 
     </span>
     <span class='ocr_line' id='line_1_30' title="bbox 152 3305 1252 3405; baseline 0.003 -27"><span class='ocrx_word' id='word_1_232' title='bbox 152 3312 243 3397; x_wconf 87' lang='lat' dir='ltr'><strong>XVI,</strong></span> <span class='ocrx_word' id='word_1_233' title='bbox 265 3321 293 3398; x_wconf 83' lang='lat'><strong>7,</strong></span> <span class='ocrx_word' id='word_1_234' title='bbox 316 3321 334 3382; x_wconf 87' lang='lat'><strong>3</strong></span> <span class='ocrx_word' id='word_1_235' title='bbox 356 3316 473 3401; x_wconf 88' lang='lat' dir='ltr'><strong>posuit.</strong></span> <span class='ocrx_word' id='word_1_236' title='bbox 499 3314 567 3379; x_wconf 85' lang='lat' dir='ltr'><strong>Vix</strong></span> <span class='ocrx_word' id='word_1_237' title='bbox 596 3337 674 3380; x_wconf 89' lang='lat' dir='ltr'><strong>vero</strong></span> <span class='ocrx_word' id='word_1_238' title='bbox 702 3338 759 3381; x_wconf 89' lang='lat' dir='ltr'><strong>suo</strong></span> <span class='ocrx_word' id='word_1_239' title='bbox 784 3319 858 3405; x_wconf 89' lang='lat' dir='ltr'><strong>jure</strong></span> <span class='ocrx_word' id='word_1_240' title='bbox 880 3315 1072 3382; x_wconf 81' lang='lat' dir='ltr'><strong>Corssenius</strong></span> <span class='ocrx_word' id='word_1_241' title='bbox 1095 3305 1252 3400; x_wconf 69' lang='lat' dir='ltr'><strong>,Beitragtl</strong></span> 
     </span>
     <span class='ocr_line' id='line_1_31' title="bbox 151 3412 1254 3502; baseline 0.001 -23"><span class='ocrx_word' id='word_1_242' title='bbox 151 3437 184 3502; x_wconf 89' lang='lat' dir='ltr'><strong>p.</strong></span> <span class='ocrx_word' id='word_1_243' title='bbox 206 3420 266 3482; x_wconf 83' lang='grc'><strong>565</strong></span> <span class='ocrx_word' id='word_1_244' title='bbox 300 3412 449 3479; x_wconf 71' lang='lat' dir='ltr'><strong>Leucerae</strong></span> <span class='ocrx_word' id='word_1_245' title='bbox 479 3416 662 3480; x_wconf 90' lang='lat' dir='ltr'><strong>vocativum</strong></span> <span class='ocrx_word' id='word_1_246' title='bbox 696 3437 713 3480; x_wconf 94' lang='lat' dir='ltr'><strong>e</strong></span> <span class='ocrx_word' id='word_1_247' title='bbox 745 3419 887 3480; x_wconf 90' lang='lat' dir='ltr'><strong>carmine</strong></span> <span class='ocrx_word' id='word_1_248' title='bbox 919 3415 1083 3480; x_wconf 85' lang='lat' dir='ltr'><strong>Saliarum</strong></span> <span class='ocrx_word' id='word_1_249' title='bbox 1120 3416 1254 3480; x_wconf 78' lang='lat' dir='ltr'><strong>haustor</strong></span> 
     </span>
     <span class='ocr_line' id='line_1_32' title="bbox 93 3511 1254 3603; baseline 0.005 -25"><span class='ocrx_word' id='word_1_250' title='bbox 93 3557 99 3566; x_wconf 88' lang='lat'><strong>·</strong></span> <span class='ocrx_word' id='word_1_251' title='bbox 152 3526 318 3603; x_wconf 89' lang='lat' dir='ltr'><strong>tamquam</strong></span> <span class='ocrx_word' id='word_1_252' title='bbox 337 3517 555 3579; x_wconf 87' lang='lat' dir='ltr'><strong>testimouium</strong></span> <span class='ocrx_word' id='word_1_253' title='bbox 584 3514 715 3599; x_wconf 89' lang='lat' dir='ltr'><strong>pristini</strong></span> <span class='ocrx_word' id='word_1_254' title='bbox 743 3517 930 3602; x_wconf 89' lang='lat' dir='ltr'><strong>cujusquam</strong></span> <span class='ocrx_word' id='word_1_255' title='bbox 954 3514 1095 3580; x_wconf 59' lang='lat' dir='ltr'><strong>&amp;meta</strong></span> <span class='ocrx_word' id='word_1_256' title='bbox 1124 3511 1254 3603; x_wconf 70' lang='lat' dir='ltr'><strong>protullb</strong></span> 
     </span>
     <span class='ocr_line' id='line_1_33' title="bbox 152 3613 1254 3701; baseline -0.002 -22"><span class='ocrx_word' id='word_1_257' title='bbox 152 3616 306 3701; x_wconf 90' lang='lat' dir='ltr'><strong>quoniam</strong></span> <span class='ocrx_word' id='word_1_258' title='bbox 335 3614 436 3679; x_wconf 91' lang='lat' dir='ltr'><strong>multo</strong></span> <span class='ocrx_word' id='word_1_259' title='bbox 470 3613 678 3679; x_wconf 89' lang='lat' dir='ltr'><strong>verisimilius</strong></span> <span class='ocrx_word' id='word_1_260' title='bbox 713 3623 762 3679; x_wconf 88' lang='lat' dir='ltr'><strong>est</strong></span> <span class='ocrx_word' id='word_1_261' title='bbox 792 3614 942 3679; x_wconf 67' lang='lat' dir='ltr'><strong>Leucerae</strong></span> <span class='ocrx_word' id='word_1_262' title='bbox 975 3618 1010 3679; x_wconf 92' lang='lat' dir='ltr'><strong>in</strong></span> <span class='ocrx_word' id='word_1_263' title='bbox 1040 3614 1096 3680; x_wconf 94' lang='lat' dir='ltr'><strong>illo</strong></span> <span class='ocrx_word' id='word_1_264' title='bbox 1125 3615 1254 3679; x_wconf 72' lang='lat' dir='ltr'><strong>carmin</strong></span> 
     </span>
     <span class='ocr_line' id='line_1_34' title="bbox 151 3707 1254 3803; baseline 0.001 -25"><span class='ocrx_word' id='word_1_265' title='bbox 151 3714 370 3803; x_wconf 89' lang='lat' dir='ltr'><strong>vetustissimo</strong></span> <span class='ocrx_word' id='word_1_266' title='bbox 397 3713 539 3778; x_wconf 90' lang='lat' dir='ltr'><strong>nondum</strong></span> <span class='ocrx_word' id='word_1_267' title='bbox 570 3713 767 3779; x_wconf 88' lang='lat' dir='ltr'><strong>substantivi</strong></span> <span class='ocrx_word' id='word_1_268' title='bbox 795 3716 852 3779; x_wconf 92' lang='lat' dir='ltr'><strong>sed</strong></span> <span class='ocrx_word' id='word_1_269' title='bbox 878 3715 1033 3802; x_wconf 88' lang='lat' dir='ltr'><strong>adjectivi</strong></span> <span class='ocrx_word' id='word_1_270' title='bbox 1059 3714 1167 3780; x_wconf 91' lang='lat' dir='ltr'><strong>locum</strong></span> <span class='ocrx_word' id='word_1_271' title='bbox 1186 3707 1254 3780; x_wconf 72' lang='lat' dir='ltr'><strong>obri</strong></span> 
     </span>
     <span class='ocr_line' id='line_1_35' title="bbox 152 3813 1254 3902; baseline -0.003 -25"><span class='ocrx_word' id='word_1_272' title='bbox 152 3834 242 3896; x_wconf 88' lang='lat' dir='ltr'><strong>nere,</strong></span> <span class='ocrx_word' id='word_1_273' title='bbox 279 3823 314 3878; x_wconf 91' lang='lat' dir='ltr'><strong>ut</strong></span> <span class='ocrx_word' id='word_1_274' title='bbox 345 3815 413 3878; x_wconf 79' lang='lat' dir='ltr'><strong>tere</strong></span> <span class='ocrx_word' id='word_1_275' title='bbox 450 3813 645 3900; x_wconf 87' lang='lat' dir='ltr'><strong>respondeat</strong></span> <span class='ocrx_word' id='word_1_276' title='bbox 677 3815 826 3880; x_wconf 92' lang='lat' dir='ltr'><strong>vocativo</strong></span> <span class='ocrx_word' id='word_1_277' title='bbox 863 3817 1079 3902; x_wconf 89' lang='lat' dir='ltr'><strong>posteriorum</strong></span> <span class='ocrx_word' id='word_1_278' title='bbox 1112 3813 1203 3878; x_wconf 81' lang='lat' dir='ltr'><strong>Dels&#39;a</strong></span> <span class='ocrx_word' id='word_1_279' title='bbox 1230 3828 1254 3874; x_wconf 80' lang='grc' dir='ltr'><strong><em>ο</em></strong></span> 
     </span>
     <span class='ocr_line' id='line_1_36' title="bbox 152 3913 392 3979; baseline 0.008 -3"><span class='ocrx_word' id='word_1_280' title='bbox 152 3913 316 3979; x_wconf 91' lang='lat' dir='ltr'><strong>similibus.</strong></span> <span class='ocrx_word' id='word_1_281' title='bbox 390 3951 392 3954; x_wconf 93' lang='lat'>·</span> 
     </span>
    </p>

    <p class='ocr_par' dir='ltr' id='par_1_3' title="bbox 235 4011 1254 4100">
     <span class='ocr_line' id='line_1_37' title="bbox 235 4011 1254 4100; baseline -0.002 -22"><span class='ocrx_word' id='word_1_282' title='bbox 235 4012 516 4095; x_wconf 85' lang='lat' dir='ltr'><strong>Esubstantivis,</strong></span> <span class='ocrx_word' id='word_1_283' title='bbox 548 4034 630 4099; x_wconf 88' lang='lat' dir='ltr'><strong>quae</strong></span> <span class='ocrx_word' id='word_1_284' title='bbox 664 4011 706 4076; x_wconf 91' lang='lat' dir='ltr'><strong>ad</strong></span> <span class='ocrx_word' id='word_1_285' title='bbox 736 4012 978 4078; x_wconf 89' lang='lat' dir='ltr'><strong>similitudinem</strong></span> <span class='ocrx_word' id='word_1_286' title='bbox 1005 4015 1171 4080; x_wconf 87' lang='lat' dir='ltr'><strong>nominum</strong></span> <span class='ocrx_word' id='word_1_287' title='bbox 1190 4029 1254 4100; x_wconf 79' lang='lat' dir='ltr'><strong>pro</strong></span> 
     </span>
    </p>
   </div>
   <div class='ocr_carea' id='block_1_3' title="bbox 0 0 1434 4784">
    <p class='ocr_par' dir='ltr' id='par_1_4' title="bbox 0 0 1434 4784">
     <span class='ocr_line' id='line_1_38' title="bbox 0 0 1434 4784; baseline 0 0"><span class='ocrx_word' id='word_1_288' title='bbox 0 0 1434 4784; x_wconf 95' lang='lat' dir='ltr'><strong> </strong></span> 
     </span>
    </p>
   </div>
  </div>
 </body>
</html>
