2836 4784
233 381 273 444 is
716 447 724 462 ,
761 373 823 427 Rau

182 544 185 551 '
233 535 310 622 παρ’
336 535 443 605 αὐτῶν
465 537 727 626 κοσμουμένη
749 541 910 606 Aristacn.
933 542 994 628 Ep.
1017 536 1097 608 I‘lb.
1121 546 1160 610 cf.
1185 545 1341 632 BastEp.

233 643 303 707 crit.
323 664 355 728 p.
381 647 447 708 156,

315 741 425 805 Etiam
453 739 541 826 apud
569 740 776 823 Neograccos
806 734 898 823 παρά
925 764 951 806 c.
979 765 1051 827 gen.
1079 765 1121 806 ex
1142 742 1254 807 verbis
1275 767 1343 830 pas·

234 841 313 905 sivis
335 839 480 926 pendens
503 839 620 903 dicitur
640 838 730 904 velut
750 833 882 920 βιβλίον
909 833 1054 904 ἐκδοθὲν
1076 837 1165 922 παρὰ
1188 843 1247 904 τοῦ
1269 838 1344 906 τάδε

233 940 285 1018 (cf.
305 938 515 1003 Mullachium
537 961 569 1025 p.
592 945 674 1018 384).

315 1038 408 1103 Haec
429 1037 469 1102 de
491 1030 584 1117 παρά
605 1059 632 1103 c.
656 1060 727 1124 gen.
750 1062 767 1103 e
789 1039 898 1104 verbis
921 1041 1072 1125 suspensi
1093 1042 1265 1109 sufficiant.

755 1295 825 1374 so.

274 1445 333 1509 De
356 1444 677 1530 praepositione
705 1436 816 1522 παρά
840 1465 927 1531 cum
950 1445 1154 1528 genetivo
1176 1465 1195 1505 e
1217 1442 1308 1507 suh·

569 1543 764 1607 stantivis
794 1542 1008 1627 pendente.

316 1728 374 1789 Est
396 1723 449 1788 hic
469 1747 545 1788 usus
566 1724 703 1788 adeum
726 1735 932 1810 comparatus
962 1747 1004 1788 ex
1033 1747 1095 1811 quo
1126 1748 1146 1789 a
1167 1724 1269 1789 verbo
1293 1723 1344 1788 ali-

237 1846 300 1911 quo
324 1824 524 1909 praepositio
547 1845 705 1910 suspensa
726 1832 775 1886 est
797 1823 895 1888 multo
917 1826 1022 1888 rarior
1040 1833 1072 1887 et
1088 1846 1107 1887 a
1123 1824 1345 1913 scriptoribus,

235 1923 290 2005 qui
311 1920 430 1985 Atticis
451 1922 579 2009 priores
602 1931 685 1997 sunt,
709 1924 915 2009 paucissimis
936 1922 1016 1987 locis
1038 1915 1192 2008 exceptis,
1215 1922 1345 1986 alicnus.

233 2018 273 2084 In
307 2029 474 2106 poetarum
507 2020 706 2086 carminibus
737 2044 844 2108 pauca
873 2021 1023 2108 exempla
1047 2022 1272 2106 inveniuntur,
1292 2021 1346 2085 sed

235 2120 323 2209 apud
339 2143 457 2206 prosae
480 2121 635 2186 orationis
664 2123 838 2209 scriptores
860 2121 936 2186 inde
955 2121 997 2184 ab
1019 2120 1187 2186 Herodoto
1209 2131 1242 2186 ct
1263 2122 1345 2187 Thu·

236 2219 355 2306 cydide
369 2221 557 2302 increbruit,
579 2231 611 2286 et
631 2219 799 2307 paullatim
810 2243 949 2307 graecae
961 2219 1090 2305 linguas
1101 2222 1242 2307 puritate
1254 2232 1346 2307 atquc

161 2344 163 2349 ·
234 2318 396 2405 elegantia
424 2319 554 2384 labente
583 2328 753 2406 tantopere
785 2320 985 2385 invalescere
1016 2322 1123 2407 coepit
1152 2330 1187 2384 ut
1207 2322 1346 2405 genetivi

236 2420 317 2484 meri
338 2420 409 2483 vice
430 2418 619 2504 fungeretur
641 2414 734 2499 παρά
756 2442 828 2483 cum
849 2419 1001 2504 genetivo
1023 2423 1240 2501 coniunctum,
1263 2419 1347 2508 quod

235 2517 322 2606 apud
349 2515 523 2604 Polybium
556 2518 796 2604 scriptoresque
830 2520 1027 2584 recentiores
1063 2520 1194 2606 saepius
1227 2521 1348 2585 factum

234 2639 306 2692 esse
326 2616 412 2682 infra
434 2615 737 2682 demonstrabimus.
1250 2678 1252 2683 .

315 2716 465 2803 Apparet
486 2738 525 2780 ea
546 2717 696 2789 maxime,
712 2715 917 2783 substantiva
941 2741 1012 2783 cum
1035 2710 1128 2799 παρά
1147 2726 1180 2781 et
1191 2740 1264 2802 gen.
1277 2742 1348 2783 con·
1376 2732 1379 2740 ·

235 2817 336 2901 iungi,
359 2838 441 2902 quae
464 2838 506 2880 ex
526 2814 636 2880 verbis
659 2815 851 2900 quibuscum
874 2819 1083 2903 coniungitur
1097 2809 1190 2898 παρά
1204 2816 1350 2882 derivata

234 2912 286 2987 vel
308 2914 466 2980 eiusmodi
486 2913 596 2979 verbis
618 2914 756 2981 finitima
780 2924 862 2982 sunt.

317 3013 478 3094 Quattuor
505 3013 656 3100 exempla
677 3014 841 3080 Homerus
861 3016 997 3102 praebet
1018 3017 1051 3079 in
1073 3016 1190 3102 quibus
1213 3039 1350 3103 praepo-

234 3115 308 3178 sitio
329 3115 490 3198 integram
512 3113 675 3178 notionem
697 3113 834 3179 localem
857 3117 1001 3180 servavit
1023 3108 1189 3192 παλίωξις
1209 3139 1244 3178 π.
1267 3117 1351 3200 νηῶν

238 3213 336 3277 069.
358 3217 427 3278 446.
449 3218 518 3279 601.
541 3225 572 3277 et
593 3205 670 3294 παρ’
691 3205 831 3295 ἑταίρων
854 3207 994 3298 ἅγγελος
1014 3237 1040 3275 ιι
1063 3220 1139 3296 468,
1172 3237 1254 3300 quae
1278 3238 1351 3279 con-

234 3312 367 3376 structio
398 3312 497 3375 etiam
530 3310 617 3397 apud
645 3312 772 3378 Atticos
800 3315 1013 3379 usitatissima
1044 3321 1110 3395 est,
1139 3335 1239 3399 saepe
1266 3317 1350 3378 enim

186 3450 188 3454 .
235 3410 355 3475 omisso
376 3409 483 3498 aliquo
505 3410 608 3475 verbo
629 3412 728 3476 eundi
757 3413 811 3478 vel
832 3413 984 3479 veniendi
1007 3434 1049 3477 ex
1071 3411 1275 3477 substantivo
1298 3437 1352 3478 no·

232 3511 355 3574 tionem
385 3511 490 3574 nuntii
516 3508 569 3575 vel
595 3508 695 3596 legati
718 3521 777 3577 etc.
809 3511 949 3577 habente
975 3505 1069 3595 παρά
1091 3535 1116 3576 c.
1137 3533 1210 3596 gen.
1233 3512 1354 3597 pendet

233 3608 321 3674 velut
346 3603 500 3691 πρέσβεις
529 3603 561 3672 oi
588 3607 681 3692 παρὰ
703 3605 870 3690 βασιλέως
891 3611 947 3677 Ar.
967 3610 1048 3676 Ach.
1071 3617 1121 3679 61.
1141 3609 1236 3673 Dcm.
1259 3610 1293 3674 Π
1318 3617 1354 3675 12

232 3719 291 3773 etc.
317 3717 376 3773 etc.
422 3702 556 3790 Θέωρος
586 3701 605 3771 ὁ
635 3706 727 3789 παρὰ
756 3703 940 3786 Σιτάλκους
966 3710 1024 3776 Ar.
1054 3709 1134 3774 Ach.
1157 3716 1224 3776 134.
1252 3709 1355 3775 Thuc.

232 3805 281 3872 IV
307 3809 357 3890 83,
376 3801 413 3873 2
443 3807 506 3872 VII
534 3814 581 3874 10.
613 3799 752 3890 ἅγγελος
780 3809 864 3873 Xen.
898 3809 974 3896 Cyr.
1000 3809 1048 3874 IV-
1067 3816 1095 3877 6.
1125 3814 1171 3874 12.
1203 3800 1355 3891 ἄγγελμα

232 3904 311 3971 Eur.
343 3907 400 3972 Or.
422 3913 491 3975 876
516 3901 684 3994 κιιρεοβειίι
716 3908 793 3971 Din.
814 3907 832 3971 I
857 3914 903 3990 18,
926 3912 975 3974 26
997 3908 1114 3974 Aesch.
1134 3908 1168 3974 Π
1191 3913 1258 3976 169.
1276 3908 1355 3972 item

233 4006 323 4094 apud
353 4008 485 4074 nomina
511 4001 688 4095 ἐπιστολῆς
715 4007 803 4077 velut
834 4007 917 4073 Xen.
943 4008 1028 4076 Hell.
1049 4007 1113 4077 Vll
1136 4015 1161 4078 1.
1183 4014 1232 4076 39.
1260 4008 1357 4073 Dem.
