2836 4784
258 117 320 182 244
432 100 437 107 ’
698 190 704 202 ,
778 108 863 163 Auen

259 276 446 364 hujusmodi
468 286 540 350 ectr
560 278 714 344 suffixum
738 278 805 338 θαι
829 277 980 342 existimo
1003 276 1211 354 sumendum,
1233 277 1358 362 cujusl

260 376 323 442 sibi
356 385 486 441 tenuem
519 376 737 445 adsociaverit
769 385 806 441 ut
836 378 871 461 in
897 367 1012 459 τί-τθη
1043 400 1063 441 a
1091 375 1204 441 radice
1233 377 1297 450 θα,
1319 374 1360 440 ei.

259 476 413 557 Roschen
433 469 462 541 l.'
476 498 501 540 e
524 481 578 542 121
602 499 664 562 sq.;
687 475 804 540 deinde
824 476 871 537 τθ
892 475 1012 540 factum
1035 497 1106 540 esse
1128 477 1185 539 σθ.
1221 514 1224 521 .

271 591 273 595 ’
342 575 454 660 Neque
475 575 569 640 aliter
591 585 669 661 puto
693 578 741 637 σθ
762 576 797 638 in
815 564 934 654 ἆσθμα
952 566 1078 653 ἰσθμός
1091 576 1256 641 exstitisse
1276 595 1362 657 quam

261 697 303 739 ex
331 662 484 752 ἆ-θ-μα,
520 663 693 753 ἆ-τθ-μα,·
724 666 864 752 ἷ-θ-μόζ
892 675 943 746 (cf.
967 667 1174 754 «στα-θ-μός)
1206 664 1366 752 bad-plu.

261 772 316 838 Sic
336 772 579 858 intelligendum
602 775 699 839 etiam
719 775 849 852 -μεσθα
867 796 928 860 pro
944 775 1064 852 -μεθα,
1094 772 1202 852 Quam
1216 773 1367 838 rationem

262 876 288 937 si
311 873 492 959 sequimur,
521 873 681 958 oportebit
704 873 833 937 demum
862 895 920 937 nos
942 872 1120 938 concedere
1141 892 1181 936 ua
1202 875 1236 936 in
1257 871 1368 936 Locro-

260 995 332 1037 rum
354 970 513 1036 infinitivo
541 973 628 1036 eos‘l
658 982 767 1035 natum
797 994 878 1037 esse.
923 971 1008 1052 Quid
1037 982 1144 1038 autem
1172 973 1200 1036 si
1220 974 1299 1035 σθαι
1316 991 1368 1032 se·

149 1071 152 1074 ’
262 1079 413 1158 queretur
437 1070 595 1135 rationem
618 1094 714 1157 quarn
735 1070 878 1136 vidimus
899 1071 933 1135 in
956 1073 1059 1162 otor,
1091 1073 1167 1135 σθω
1189 1080 1262 1153 etc,
1283 1079 1320 1150 et,
1335 1090 1372 1131 a

262 1171 392 1236 Sanscr.
410 1169 464 1234 illo
485 1168 579 1254 dejci
597 1182 794 1257 separatum,
816 1170 859 1235 ad
880 1172 1019 1235 formam
1041 1193 1135 1235 Μαι
1157 1169 1369 1236 reducendum

262 1279 357 1351 esset,
380 1271 474 1353 quasi
495 1269 536 1333 ab
559 1272 666 1334 activo
688 1291 755 1352 ται,
776 1272 810 1337 in
832 1293 896 1357 quo
918 1260 1069 1350 suffixum
1085 1271 1391 1354 lantwinum„

262 1394 300 1434 ca
319 1371 353 1433 in
375 1388 443 1450 oua,
466 1370 600 1452 agnosci
622 1369 758 1456 posset?

344 1467 389 1532 Ut
419 1488 471 1531 res
503 1491 588 1532 nunc
619 1478 693 1532 suut
724 1492 823 1533 caveo
860 1492 901 1533 ne
932 1468 1010 1556 quid
1040 1467 1179 1534 calidius
1209 1469 1370 1534 affirmem.

259 1569 386 1633 rVereor
413 1577 451 1630 nt
479 1568 521 1630 sit
548 1568 582 1630 in
610 1567 756 1632 formulis
778 1568 926 1632 Locricis
954 1567 1132 1655 quidquem
1155 1576 1282 1655 praeter
1299 1585 1372 1629 cor·

263 1668 444 1754 ruptionem
476 1668 554 1731 soni.
597 1666 633 1731 Si
660 1669 755 1731 novis
785 1669 997 1732 monumentis
1026 1667 1165 1753 repertis
1187 1667 1270 1732 aliae
1289 1666 1373 1750 ejus‘

263 1766 351 1832 modi
372 1767 512 1846 formae,
532 1788 669 1851 quarum
692 1765 732 1830 de
754 1768 880 1853 origine
903 1766 1017 1831 melius
1043 1775 1186 1850 constat,
1206 1768 1251 1831 ›in
1269 1765 1373 1830 lucem

263 1865 461 1953 prodierint,
488 1873 557 1931 tum
579 1866 707 1937 demum
729 1865 851 1953 aliquid
873 1867 991 1930 certius
1013 1875 1154 1931 statuere
1175 1865 1373 1930 audebimus-

346 1970 374 2030 2.
410 1964 518 2043 Quum
538 1964 578 2029 de
600 1964 715 2031 mediis
736 1966 989 2031 consonantibus
1006 1989 1071 2031 non
1094 1967 1137 2030 sit
1158 1964 1244 2051 quod
1260 1964 1374 2033 dien,

264 2086 401 2152 pergam
427 2062 470 2127 ad
501 2067 673 2151 aspiratae.
727 2064 939 2129 Mutationem
970 2065 1110 2129 tenuium
1144 2066 1180 2129 in
1212 2064 1370 2150 aspirans

260 2166 331 2251 jam
353 2164 432 2226 setis
455 2165 633 2248 cognitam,
663 2165 812 2251 quamvis
833 2165 867 2228 in
888 2163 1048 2230 nonnullis
1070 2163 1237 2229 radicibus
1258 2185 1295 2227 ac
1311 2181 1370 2222 vu‘

265 2260 389 2328 cabulis
413 2261 562 2326 omnibus
579 2261 716 2329 Graecis
732 2286 943 2345 communem,
963 2273 1072 2328 tamen
1083 2264 1252 2351 aliquanto
1268 2261 1368 2326 ninus

264 2362 491 2449 praevaluisse
509 2360 597 2446 apud
618 2362 799 2427 Dorienses
830 2385 926 2449 quom
954 2373 1092 2445 ceteros,
1119 2360 1288 2448 probabile
1305 2365 1369 2422 eu

263 2466 325 2527 nec
345 2461 448 2527 multa
469 2461 676 2546 reperiuntur
697 2461 847 2547 exemplu
867 2463 901 2525 in
921 2464 1069 2527 Locrieis
1088 2461 1208 2527 titulis:
1225 2464 1293 2549 jam
1306 2476 1368 2520 me·

264 2562 389 2626 moravi
407 2556 503 2638 τέχνα
518 2583 539 2625 u
553 2562 622 2627 rad.
638 2582 708 2635 cea3
729 2562 859 2624 unicum
883 2572 932 2626 est
950 2555 1029 2648 φρίν
1047 2585 1107 2649 pro
1127 2562 1219 2643 nolu,
1238 2559 1363 2644 Hyptz

265 2664 367 2746 qua⁴e
363 2660 465 2726 ambo
485 2662 693 2726 mutationem
709 2659 828 2725 debent
842 2664 987 2747 sequenti
1003 2661 1206 2741 consonanti,
1229 2659 1269 2724 ci.
1284 2655 1358 2722 curt

265 2758 375 2843 Etym
398 2765 467 2826 466.
509 2761 582 2825 Non
605 2761 689 2825 hanc
711 2758 961 2845 explicationem
989 2761 1087 2826 babet
1108 2752 1212 2837 ἔχθός
1231 2757 1299 2855 (Oq
1319 2754 1354 2824 ll)
1410 2816 1412 2821 .

265 2881 326 2944 pro
342 2852 445 2934 ἐκτός,
466 2883 602 2947 quocum
618 2862 765 2924 conferas
778 2858 921 2946 Hesych.
937 2856 1048 2937 ἐχθοῖ
1067 2853 1143 2937 ἔξω,
1163 2882 1184 2923 a
1199 2830 1353 2922 Sohniidtio

266 2957 336 3020 sine
357 2957 475 3023 idonee
496 2981 595 3023 causa
616 2958 658 3022 ad
673 2947 751 3024 Cret
738 2968 844 3023 tenses
866 2958 1012 3024 relatum.
1017 2961 1059 3036 3ῑὶ)
1091 2958 1242 3036 Contra'
1233 2981 1268 3021 1n
1286 2945 1349 3016 θὲθ·

265 3077 353 3138 poteo,
369 3055 456 3142 Hyp.
469 3064 508 3126 46
531 3059 747 3145 conspicimus
766 3059 1025 3145 antiquissimam
1041 3059 1196 3122 formam·
1215 3057 1257 3121 cf.
1274 3042 1349 3116 nult

331 3340 374 3406 26)
395 3338 479 3392 Errat
500 3338 659 3409 Helbigius,
686 3339 720 3392 de
745 3339 809 3394 dial
829 3338 902 3393 Cret.
921 3354 986 3410 pag
1007 3344 1048 3403 20,
1066 3305 1271 3408 quodaifirmat
1285 3324 1346 3402 Apol

266 3421 370 3477 lonium
392 3422 574 3492 Dyscolum
566 3440 595 3475 1n
620 3423 690 3476 libro
713 3424 757 3476 de
771 3422 907 3476 adverbiis
941 3421 1074 3484 (Bekkeri
1104 3421 1202 3476 anecd.
1228 3423 1284 3485 558)
1306 3407 1345 3464 vul

266 3506 340 3575 garis
358 3505 468 3560 dialecti
485 3505 600 3559 formam
622 3506 675 3559 hoc
692 3505 777 3576 ἔχθός
796 3506 894 3559 dicere
930 3505 982 3559 Ille
1005 3507 1078 3558 enim
1102 3505 1171 3559 nihil
1196 3503 1294 3575 profert
1310 3490 1347 3549 ssiffl

266 3589 469 3643 substantivum
489 3591 587 3660 ἔχθος,
611 3590 685 3703 quqd
707 3589 827 3643 derivat
833 3589 869 3642 ab
888 3589 930 3653 ἒξ,
952 3589 1078 3657 laidez,
1081 3590 1124 3657 ,τὸ
1140 3592 1196 3661 γὰρ
1215 3586 1347 3653 tanetum

266 3675 311 3725 καὶ
322 3672 440 3808 ἐέτόςι
427 3677 508 3744 ημῶν
525 3674 676 3728 τοιοῦτον.“
711 3672 816 3727 Probat
842 3673 1031 3727 Buttmannuc
1052 3672 1142 3727 Lexil.
1164 3690 1187 3729 s.
1204 3690 1229 3727 v.
1250 3667 1347 3740 ὄχθήῦὶθ

268 3755 303 3808 ad
363 3787 370 3812 .’
