2836 4784
157 401 216 464 res
460 355 782 447 'Remea

151 561 341 649 productas.
376 559 504 640 Quibus
525 559 741 625 adversantur
763 559 897 627 Curtius
919 568 951 623 et
965 558 1231 646 Buechelemqqi

152 660 215 725 altis
239 658 309 725 cb'd
332 659 457 726 formas
486 669 521 723 ut
544 659 649 746 saepis
669 659 834 746 arsapius
860 660 908 723 sic
935 680 954 722 e
983 657 1158 745 principali
1181 655 1231 723 att

153 759 248 825 abiud
267 766 451 825 contractas
471 768 503 822 et
525 769 693 847 correptas
708 780 781 824 esse
795 767 936 823 censent
963 756 1099 824 Illorum
1116 756 1231 822 sent&

152 863 266 925 nititur
296 858 407 924 verbis
429 858 607 922 Prisciani:
622 887 625 893 ·
640 858 713 939 ,alas
734 857 951 945 antiquissimi
972 864 1033 944 pro
1055 854 1142 920 atta
1160 863 1231 943 prot

152 959 280 1041 lerunt‘,
300 957 415 1023 horum
437 957 648 1022 similitudine
662 979 762 1042 quum
775 956 1000 1043 exemplorum
1016 957 1088 1043 jam
1103 954 1231 1020 allatam

49 1060 52 1064 “
151 1051 1231 1144 mffltemaqim‚mshoinmhhreremrntus,pntinprffi

155 1181 173 1222 e
185 1157 284 1242 prius
304 1156 399 1238 facti,
428 1167 496 1222 tum
517 1154 835 1243 linguae-Graecae,
869 1158 903 1220 in
925 1177 989 1242 qua
1018 1176 1118 1219 unum
1142 1145 1231 1215 dtu

110 1314 112 1318 ,
151 1256 238 1323 assus
265 1256 384 1321 Latino
413 1257 606 1344 respondet,
646 1265 818 1343 correptae
851 1263 960 1319 autem
991 1253 1119 1318 formae
1148 1249 1231 1319 nullm

153 1355 330 1441 vestigium
351 1355 533 1434 invenitur,
562 1354 682 1441 quade
701 1376 738 1419 re
759 1355 816 1421 cfr.
838 1352 947 1436 Curtii
969 1351 1183 1437 ‚Grundriige
1206 1349 1231 1416 d

152 1477 200 1540 gr.
219 1453 370 1541 EtymoL‘
399 1454 448 1520 ed.
478 1454 571 1522 alter.
599 1478 630 1542 p.
643 1459 721 1520 ³21.
771 1454 839 1518 Nec
869 1451 1021 1518 Geticum
1056 1451 1122 1515 alis
1150 1458 1231 1521 senta

153 1552 233 1618 tiam
260 1552 388 1618 illorum
419 1553 582 1634 sublevat,
612 1553 844 1642 sedquoniam
872 1551 936 1616 altr
955 1549 1231 1617 nominativum&

152 1676 238 1719 mam
266 1675 322 1739 ex,
336 1652 415 1739 alisii
436 1663 634 1719 contractam
668 1675 740 1717 esse
768 1675 810 1717 ex
841 1651 920 1738 alyn
945 1652 1098 1737 genetivo
1129 1669 1231 1737 appari

153 1753 345 1818 sententiam
367 1753 474 1839 potius
496 1752 610 1818 horum
630 1775 742 1817 veram
764 1775 835 1818 esse
855 1751 1073 1833 censebimus,
1099 1751 1154 1838 qui
1172 1750 1231 1815 etia

152 1851 304 1918 Latinum
323 1851 386 1914 atat
405 1850 507 1917 velint
527 1874 545 1916 e
567 1851 741 1939 principali
762 1851 849 1916 clius
877 1859 1063 1937 correptum
1085 1871 1157 1915 esse
1178 1857 1231 1933 obp

152 1960 363 2018 contractum.
392 1950 474 2031 Quis
495 1960 602 2016 autem
614 1953 744 2016 omnino
758 1951 940 2032 mirabitur,
962 1949 1050 2038 quod
1068 1952 1231 2014 sermo&

153 2074 246 2137 quus,
259 2053 379 2139 quippe
390 2050 446 2137 qui
457 2050 579 2116 formas
591 2049 746 2136 plurimas
761 2051 925 2138 corripere
933 2049 1068 2132 soleret,
1078 2049 1175 2113 etiam
1188 2042 1231 2111 ὅ

154 2150 249 2216 aliod
260 2152 295 2216 in
304 2149 368 2213 aleis
377 2147 448 2212 alid
464 2150 666 2237 corripuerit,
677 2150 868 2238 formasque
882 2158 1049 2236 correptas
1062 2170 1130 2213 non
1147 2159 1231 2233 coirq

152 2252 195 2332 tis
207 2249 406 2337 praetulerit,
422 2252 583 2336 posterior
598 2273 676 2315 vero
693 2260 793 2324 aetas,
814 2272 887 2314 eum
900 2251 1017 2313 iterum
1032 2249 1231 2313 terminatis·

154 2349 314 2437 pleniores
343 2358 500 2431 sumeret,
529 2349 696 2435 paullatim
727 2358 895 2436 correptas
916 2347 1074 2436 abjecerit
1101 2357 1137 2413 et
1156 2347 1231 2434 prii!

154 2448 247 2536 pales
270 2447 457 2536 productas,
478 2470 560 2534 quas
580 2471 756 2537 numquam
777 2470 911 2537 prorsus
932 2458 1119 2515 removerat
1140 2482 1179 2495 -
1196 2466 1231 2512 ιι

154 2547 245 2612 adtira
261 2548 479 2635 antiquissimi
495 2570 576 2633 quos
595 2548 753 2615 habemus
773 2549 851 2614 libri
865 2546 1020 2613 exhibent
1031 2569 1168 2612 -unas
1187 2564 1231 2613 ru

155 2647 263 2734 perit?
286 2648 342 2712 b'ic
362 2646 558 2712 Ritschelius
580 2649 651 2734 ipse
671 2652 789 2715 mirum
808 2670 880 2713 esse
900 2646 1072 2712 confitetur
1094 2644 1174 2713 decl
1187 2648 1231 2734 pt

154 2746 277 2813 nullum
306 2746 466 2811 brevioris
493 2747 616 2812 formae
640 2750 675 2813 in
704 2751 854 2814 scaenica
874 2748 965 2835 poesi
999 2755 1069 2811 tota
1101 2745 1231 2835 vestig'u

154 2869 244 2930 esse3
276 2846 359 2912 dixit
381 2853 488 2910 autem
509 2845 596 2911 debe
622 2848 675 2911 rei
689 2848 826 2914 Plautus
847 2856 929 2912 teste
947 2846 1050 2910 Festo
1070 2847 1106 2910 in
1128 2846 1231 2934 epitri

157 2953 205 3014 19.
248 2946 303 3012 Sic
331 2943 443 3011 licebit
471 2955 558 3010 certe
586 2947 780 3013 concludere
800 2947 848 3013 ab
869 2947 1001 3034 antiquo
1032 2965 1181 3010 sermone
1197 2962 1231 3030 pu

153 3047 276 3111 misene
305 3052 479 3131 usurpatos
511 3065 582 3110 esse
618 3047 706 3111 obba
736 3047 801 3111 cleb
827 3044 921 3110 aliud
953 3041 1024 3108 alid
1049 3044 1231 3127 nominatim

153 3143 240 3211 abbe
273 3143 356 3223 alili]
393 3153 427 3209 et
456 3145 596 3210 fortasse
628 3148 725 3211 etiam
758 3146 821 3209 cleb
850 3146 1033 3232 genetivus,
1070 3161 1166 3208 casus
1194 3136 1231 3206 rrl

153 3253 233 3331 quos
262 3243 376 3308 eodem
402 3244 516 3319 modo;
547 3247 606 3310 vix
635 3255 741 3311 autem
772 3245 939 3310 credemus
969 3241 1032 3307 alo
1057 3241 1129 3307 aeti
1151 3242 1231 3313 form

153 3341 352 3430 principales
374 3365 444 3409 esse
474 3355 505 3410 et
527 3336 578 3412 ab'
591 3348 679 3411 omni
700 3344 830 3432 quidem
857 3342 1079 3408 similitudine
1089 3343 1231 3428 unguas

152 3441 290 3506 Latinae
319 3441 450 3528 linguae
483 3457 695 3530 cognatarum
727 3444 949 3510 abhorrentes.
992 3441 1059 3507 Sed
1086 3444 1156 3507 sive
1180 3437 1231 3506 ila

155 3544 346 3607 sententiam
367 3548 524 3631 sequeris⁴
536 3548 605 3610 sive
627 3545 721 3628 hanc,
743 3544 831 3610 nullo
852 3542 948 3608 modo
970 3541 1005 3606 id
1025 3543 1193 3623 minuitur,
1208 3555 1231 3600 α

98 3712 100 3718 ,
152 3664 210 3708 nos
220 3641 355 3729 quidem
372 3665 526 3728 magnum
542 3654 737 3710 momentum
752 3643 934 3725 tribuimus,
956 3643 1108 3727 genuisse
1128 3642 1231 3726 tinges

152 3740 217 3804 alre
237 3740 309 3807 alid
331 3742 469 3808 formam
497 3766 634 3810 revera
663 3745 776 3811 eodem
798 3743 894 3808 modo
921 3764 984 3829 quo
1010 3736 1231 3807 obdassmits

153 3862 225 3927 que,
246 3864 307 3905 nec
323 3864 419 3927 posse
441 3842 530 3907 illam
545 3845 586 3908 ab
602 3845 653 3910 his
669 3846 827 3932 separari,
849 3842 936 3929 quod
948 3842 1143 3908 Gorssenius
1159 3833 1231 3905 volui

123 3982 126 3989 ·
153 3939 210 4004 sed
231 3962 313 4027 quae
327 3940 370 4004 ad
387 3943 643 4027 comparandum
658 3945 850 4010 adhibeatur
865 3944 1069 4029 aptissimam
1084 3964 1162 4024 esse,
1182 3955 1231 4026 quo

152 4037 358 4124 Ritschelius,
375 4039 517 4124 Curtius,
534 4042 751 4109 Buechelerus
767 4066 831 4108 una
844 4042 1000 4108 fecerunt.
1011 4041 1119 4127 *Unde
1133 4052 1231 4130 appart
