2836 4784
587 1006 658 1083 §L

465 1152 775 1218 Praemoaenda.

151 1291 323 1366 Locridem
356 1302 554 1388 tripartitam
586 1303 733 1391 plerique
764 1313 890 1369 veteres
925 1303 1046 1367 ferunt:
1083 1322 1179 1364 unam

121 1402 172 1464 ntis
189 1411 316 1489 partem
336 1403 368 1464 in
389 1410 535 1467 extrema
554 1402 651 1467 ltalia
671 1403 851 1468 meridiana
871 1401 1019 1467 habitare
1034 1400 1075 1463 ad
1091 1422 1178 1464 mon·

121 1499 351 1587 nZephyrum
388 1501 473 1565 unde
515 1524 630 1566 nomen
663 1504 847 1590 acceperint
877 1500 1180 1588 Epizephyriorum,

121 1605 213 1682 teram,
236 1611 267 1663 et
290 1600 410 1665 Ouolas
434 1611 465 1665 et
486 1601 665 1687 Hesperios
688 1612 830 1684 vocatos,
853 1604 1018 1686 regionem
1040 1597 1179 1663 incolere

121 1702 235 1764 ‚sinum
259 1698 503 1764 Corinthiacum
526 1701 622 1765 sitam
644 1703 728 1766 inter
748 1699 907 1765 Aetoliam
927 1699 1178 1784 Phocidemque,

121 1798 193 1862 diam
211 1798 389 1863 Maliacum
410 1801 515 1864 sinum
536 1811 567 1865 et
597 1823 687 1865 mare
705 1801 889 1866 Euboicum
916 1800 1102 1883 attingeres
1121 1797 1180 1861 hos

121 1915 254 1984 numque
268 1897 513 1984 Epicnemidios
528 1901 703 1987 scriptores
719 1900 829 1965 dicunt
850 1909 992 1964 amonte
1008 1895 1179 1962 Onemide:

121 1995 218 2083 inceps
240 2020 351 2062 eorum
375 1998 451 2063 urbs
474 1999 567 2084 Opu's
588 2000 658 2063 fuit.
701 1999 789 2065 Satis
811 2008 937 2064 constat
958 1997 1016 2061 hos
1040 1997 1179 2060 omnium

121 2117 245 2161 tororum
261 2098 505 2184 antiquissimos
517 2099 626 2181 irrisae,
636 2122 747 2165 eorum
759 2097 879 2178 Ouolas
892 2099 991 2162 fuisse
1004 2087 1178 2168 ἀποίκους,

121 2195 243 2261 alarum
263 2196 546 2283 Epizephyrios.¹)
588 2198 643 2263 Sic
665 2199 836 2278 Pindarus,
864 2196 914 2263 Ol.
938 2202 967 2278 9,
991 2202 1040 2278 20,
1070 2194 1180 2279 Opun-

121 2306 246 2362 nvocat
266 2290 395 2379 ματέρα
416 2298 576 2379 Λοκρώνι
607 2298 720 2363 eadem
740 2291 946 2384 μητρόπολις
966 2295 1114 2373 Λοκρῶν
1135 2292 1180 2356 di·

121 2398 206 2460 urin
229 2399 464 2482 epigrammate
487 2399 576 2484 cippi
603 2398 856 2486 Thermopylaei
879 2396 967 2484 apud
989 2392 1181 2459 Strabonem

121 2500 141 2558 5.
169 2496 261 2576 Quae
284 2495 401 2561 divisio
424 2497 503 2561 satis
526 2499 658 2584 antiquo
678 2508 823 2586 tempore
844 2498 931 2562 facta
952 2517 1022 2560 esse
1044 2493 1181 2572 videtur,

121 2616 145 2658 m
165 2595 470 2682 septentrionalibus
491 2597 609 2662 Locris
632 2608 762 2684 praeter
789 2619 904 2662 nomen
926 2596 984 2660 vix
1008 2593 1181 2680 quidquam

121 2715 144 2756 n
165 2694 336 2781 Hesperiis
364 2717 531 2760 commune
560 2707 642 2762 erat:
670 2699 704 2763 hi
733 2699 767 2761 in
792 2695 878 2761 bello
904 2693 1180 2779 Peloponnesiaco

121 2791 315 2859 heniensium
349 2804 479 2882 partes,
512 2794 560 2859 illi
591 2795 923 2879 Lacedaemoniorum
955 2791 1182 2878 sequebantur,

121 2889 181 2960 hue.
198 2894 248 2959 ΠΙ
263 2901 312 2975 95,
326 2895 360 2959 ΙΙ
374 2900 416 2974 9),
436 2917 496 2960 nec
517 2917 689 2981 possumus
710 2919 751 2962 ex
774 2919 822 2978 eo,
844 2893 931 2982 quod
946 2892 1119 2973 Homerus,
1142 2889 1181 2956 Il.

132 2998 194 3075 535,
207 2992 313 3058 nullos
335 2995 398 3059 nisi
420 2985 458 3057 οἳ
478 2987 607 3057 ναίουσι
627 2990 731 3083 πέρην
752 2988 837 3080 ἱερῆς
852 2985 1002 3077 'Eurotas
1017 2991 1108 3056 novit
1121 2990 1184 3054 Lo·

121 3110 154 3172 os,
174 3116 233 3179 pro
256 3102 343 3158 certo
364 3092 516 3178 colligere
539 3092 681 3160 colonias
699 3094 840 3161 nondum
862 3092 918 3158 illo
942 3102 1088 3178 temporo
1108 3089 1184 3154 inde

121 3187 224 3257 ductas
246 3192 354 3256 fuisse.

154 3289 195 3355 At
216 3291 398 3356 Locrorum
420 3291 723 3378 septentrionalium
752 3314 848 3378 ager,
877 3294 903 3356 si
928 3291 1009 3356 fides
1032 3289 1184 3356 Straboni

121 3380 293 3471 bendapin
316 3391 397 3456 duas
428 3401 539 3478 partes
562 3392 742 3478 diremptus
774 3402 843 3457 erat
863 3390 1081 3455 intercedente
1100 3388 1185 3456 Pho·

121 3488 213 3553 osium
227 3489 309 3554 urbo
324 3490 541 3577 Daphnunte3
566 3514 649 3578 quae
663 3501 772 3577 partes
793 3493 927 3556 nomine
943 3511 1069 3578 quoque
1091 3490 1186 3552 inter-

121 3601 152 3648 un
180 3588 430 3674 distinguuntur.
490 3589 682 3655 Eustathius
720 3591 763 3655 ad
800 3591 937 3677 Dionys.
971 3590 1096 3672 Perieg.
1126 3593 1186 3653 426

121 3731 278 3753 *—

145 3820 166 3884 Ι)
183 3819 283 3877 Strabo
303 3827 365 3878 427:
392 3813 469 3879 οὗτοι
492 3823 642 3893 (Hesperii)
665 3824 720 3895 μὲν
738 3819 788 3879 οὖν
806 3823 918 3878 ἄποικοι
938 3826 995 3876 τῶν
1011 3820 1185 3890 'Eunaeum-

121 3911 149 3951 »ν
173 3907 251 3973 εἰσίν,
271 3908 301 3960 ol
328 3906 358 3959 δ’
385 3907 582 3980 Ἐπιζεφύριοι
610 3907 725 3963 τούτων.
761 3906 802 3962 ef.
822 3906 937 3960 eundem
963 3909 1021 3971 259,
1045 3907 1073 3956 et
1092 3901 1183 3956 Schol.

146 3990 180 4040 .5
214 4033 218 4044 ,
722 4002 724 4004 ·

130 3986 145 4044 ll
182 3992 211 4042 27
928 4073 978 4127 w
