2836 4784
248 346 289 408 or
767 338 831 394 Rau
919 370 923 377 ·

160 476 174 515 ”
250 503 410 586 δέχεσθαι
432 530 506 572 cum
528 510 679 593 genetivo
697 515 888 592 usurpatum
911 507 982 589 sit,⁴
999 506 1056 572 sed
1080 508 1146 572 iam
1173 508 1209 572 in
1229 506 1362 573 Homeri

249 607 449 673 carminibus
474 615 582 672 exstat
603 607 798 672 constructio
821 601 981 684 δέχεσθαι
1001 601 1095 687 παρά
1114 628 1207 682 τινος
1229 615 1261 672 et
1278 607 1362 694 apud

249 707 448 794 posteriores
464 707 639 792 scriptores
653 700 908 787 παραδέχεσθαι
922 698 1015 787 παρά
1028 727 1126 782 τινος.
1158 704 1247 793 quod
1259 729 1361 772 exem·

249 807 341 895 plum
362 806 505 871 dilucide
525 806 668 873 illustrat
689 828 753 892 qua
774 807 900 872 ratione
916 815 1062 891 tempore
1076 804 1276 892 procedente
1288 830 1361 871 usus

252 907 529 994 praepositionum
552 907 661 991 magis
686 906 857 991 magisque
879 912 1036 991 patescat.
1077 904 1170 970 Idem
1191 900 1306 972 valere
1326 906 1361 971 de

249 1005 351 1071 verbo
373 998 727 1090 παραλαμβάνεινρόι
749 1026 785 1069 se
808 1012 964 1091 apparet,
984 1004 1072 1092 quod
1086 1028 1164 1071 cum
1187 1006 1278 1092 apud
1298 1006 1360 1071 Hc

156 1188 161 1195 ἱ
249 1127 374 1170 merum
398 1127 463 1169 non
485 1113 592 1169 exstet
612 1103 653 1168 de
674 1103 899 1189 antiquissimo
927 1125 989 1170 usu
1017 1101 1099 1171 nihil
1126 1107 1227 1170 statui
1249 1115 1359 1192 potest

248 1203 316 1269 Sed
336 1203 538 1285 Herodotus,
561 1201 767 1289 apud'quem
796 1202 946 1290 primum·
965 1205 1121 1286 occurrit,
1152 1193 1359 1270 Homericam

250 1303 501 1369 constructionis
524 1303 684 1368 rationem
707 1302 853 1367 servavit
875 1301 931 1388 qui
951 1300 990 1366 II.
1009 1308 1045 1370 19
1066 1303 1110 1367 in.
1135 1305 1272 1390 scripsit
1292 1295 1360 1368 odor

248 1423 282 1464 τι
293 1403 361 1466 τῶν
379 1395 476 1486 ἱρέων
491 1391 565 1465 oiire
580 1392 685 1463 ἄλλαν
706 1393 847 1476 οὐδενὸς
859 1398 1069 1482 παραλαβεῖν
1082 1402 1134 1478 (cf.
1146 1404 1361 1481 ver-nehmeu)

250 1495 437 1586 ἐδυνάσθην
458 1502 540 1578 (solo
564 1501 715 1586 genetivo
738 1511 890 1585 sequente
912 1510 1083 1589 praeterea
1103 1522 1206 1590 saepe
1228 1501 1360 1568 velutII

253 1598 279 1671 i.
304 1608 369 1669 102.
390 1601 442 1666 HI
463 1600 578 1678 salv
603 1603 664 1682 78),
688 1622 761 1664 oum
782 1600 817 1663 in
838 1598 951 1664 eodem
974 1601 1081 1688 capite
1104 1602 1276 1686 scripserit
1297 1625 1362 1665 πα-

187 1741 190 1758 2
249 1698 408 1782 ραλαβεῖν
429 1695 530 1783 παρὸιΙ
543 1701 608 1761 τῶν
628 1689 835 1781 Αἰγυπτίων.
859 1698 1044 1786 Sequuntur
1059 1699 1162 1765 verba
1175 1689 1366 1786 παραιρεῖν,

250 1801 434 1880 παρασπᾶν
456 1809 487 1864 et
501 1786 754 1880 παρασπιῖσθαί
769 1789 803 1861 εἰ
821 1819 921 1874 τινος,
944 1794 1172 1882 παρατρέπειν
1186 1808 1220 1864 et
1239 1823 1370 1885 παρεκ-

249 1893 380 1980 νρέπειν
400 1907 547 1963 avertere
564 1897 605 1963 ab
626 1899 751 1986 aliquo,
773 1898 861 1962 velut
880 1892 1176 1982 παρατρεπόμενος
1189 1901 1248 1962 τοῦ
1265 1894 1373 1983 λόγου

208 1990 211 1995 ’
251 1997 335 2061 Xon.
359 1997 436 2063 Oec.
460 1995 536 2060 ΧΠ
552 2004 598 2062 17,
621 1997 794 2062 deflectens
818 1996 860 2062 ab
884 1986 1045 2082 oratione,
1072 1999 1251 2088 eodemque
1273 2000 1373 2065 intel-

249 2094 334 2162 lectu
355 2097 583 2178 παρατρωπὰν
602 2097 619 2160 Ι
638 2105 698 2164 500
727 2120 747 2162 a
773 2098 883 2183 priore
909 2099 959 2162 ira
987 2106 1134 2162 avertere
1161 2108 1193 2162 et
1222 2099 1375 2165 animum

251 2196 387 2261 alicuius
419 2195 483 2261 sibi
517 2195 698 2259 conciliare.
756 2194 839 2260 Cum
879 2198 1068 2282 saepissime
1098 2196 1188 2284 apud
1225 2201 1379 2285 optimos

230 2297 428 2381 ¹scriptores
458 2287 560 2357 αἰνεῖν
589 2317 622 2356 τι
653 2288 747 2377 παρά
778 2316 869 2370 τινος
895 2297 1053 2383 scriptum
1080 2300 1287 2384 reperiamus
1308 2302 1378 2364 vix

251 2394 395 2459 dubitari
407 2394 528 2480 poterit
544 2395 622 2480 quin
637 2395 735 2458 etiam
749 2396 993 2477 παραιτεῖσθαι
1012 2417 1102 2471 τινος
1115 2419 1176 2482 pro
1191 2390 1384 2462 αἰτεῖσθαι

251 2487 344 2575 παρά
366 2515 456 2568 τινας
477 2493 598 2557 dictum
617 2495 668 2575 sit,
691 2516 887 2581 quamquam
910 2518 983 2560 cum
1004 2498 1203 2582 praepositio
1219 2498 1385 2564 immobi0

138 2645 140 2649 .
251 2592 324 2656 liter
346 2594 440 2679 quasi
459 2592 559 2679 verbo
582 2592 683 2657 affixa
704 2595 760 2675 sit,
781 2617 847 2659 non
869 2617 943 2658 cum
963 2597 1113 2680 genetivo
1135 2595 1195 2661 sed
1218 2619 1291 2663 cum
1315 2621 1383 2664 ace

251 2687 398 2757 cusativo
412 2691 550 2756 verbum
566 2693 780 2776 coniungitur.
812 2694 1054 2770 (Recentiorum
1077 2696 1275 2780 scriptorum
1294 2704 1388 2762 sunt

218 2869 223 2879 .
250 2785 414 2875 παράγειν
443 2785 625 2877 παραγωγή
653 2788 854 2883 παραγωγάς
878 2815 969 2868 τινας
1000 2789 1306 2877 παρονομάζεσθαι
1326 2798 1384 2860 si*

250 2889 348 2958 milia.
368 2890 544 2973 παραθεῖν
564 2885 638 2973 ovd
657 2895 770 2972 τινος.)

255 3125 259 3134 ,
335 3041 463 3121 Quibus
484 3043 671 3127 compositis
691 3043 887 3107 enumeratis
905 3030 912 3042 ’

762 3245 783 3323 s
804 3247 854 3308 ει.

216 3381 219 3386 ’
251 3411 290 3452 ea
318 3387 506 3453 adscribere
534 3390 630 3455 liceat
660 3393 693 3454 in
723 3389 838 3476 quibus
865 3390 1062 3476 praepositio
1088 3383 1182 3472 παρά
1200 3384 1278 3454 ¹eam
1301 3394 1380 3456 virm

251 3486 350 3551 habet
372 3496 409 3552 ut
430 3490 652 3553 accusativum
684 3498 796 3574 regat3
823 3512 958 3576 quornm
986 3491 1184 3575 perexiguus
1211 3512 1381 3556 numerus

252 3589 361 3675 exstat
381 3589 414 3651 in
439 3588 556 3675 quibus
589 3589 824 3679 significatione
848 3588 971 3653 latinae
989 3591 1240 3674 praepositionis
1263 3591 1385 3672 ιἰιιιεα,

251 3685 304 3748 vei
324 3684 416 3770 apud
434 3696 594 3773 usurpata
615 3698 671 3764 est,
694 3688 751 3752 sed
774 3688 869 3773 louge
888 3688 1038 3774 plurimis
1060 3689 1149 3754 notio
1164 3700 1298 3775 praeter
1319 3693 1369 3753 in-

251 3793 309 3867 est,
333 3785 373 3848 de
397 3784 514 3871 quibus
536 3786 682 3852 hocloco
699 3789 881 3852 accuratius
897 3786 1026 3852 videtur
1044 3775 1374 3869 disserendum'esse,

250 3885 381 3949 omissis
410 3883 496 3949 illius
523 3888 655 3970 generis
680 3888 882 3973 compositis,
912 3910 956 3958 ne
981 3888 1065 3961 iusto
1091 3886 1218 3973 longior
1246 3886 1382 3952 evadatz

251 3982 444 4051 dissertatio.
822 3986 824 3988 ’
1062 4009 1065 4016 ·
