2836 4784
526 384 560 440 de
576 386 781 458 praepositione
799 387 886 460 παρά.
1220 395 1260 456 79

145 547 309 636 leguntur:
343 541 382 613 οὗ
410 547 471 632 γὰρ
501 543 594 638 ᾤ’μιγν
622 547 708 616 οὕτω
743 545 827 636 παρ’
859 545 974 636 ὀλίγον
1000 545 1142 617 ἕσασθαι
1169 543 1257 616 ἀλλὰ

153 647 233 730 παρὰ
262 642 355 712 πολύ
385 649 468 715 Plat.
490 649 586 738 Apol.
609 657 658 722 36.
679 655 698 717 i.
720 676 747 720 e.
773 675 878 740 neque
906 655 991 718 enim
1013 652 1170 740 putabam
1189 653 1260 718 fore

156 758 274 814 uttam
307 773 424 836 parum
454 750 511 816 sed
540 762 575 815 ut
603 752 704 817 multo
737 752 912 835 differrent,
942 752 993 817 vel
1016 752 1172 839 putabam
1194 774 1257 816 non

160 848 308 912 tantulum
331 849 389 913 sed
410 848 505 935 longe
527 851 702 938 plurimum
724 852 919 915 discriminis
940 851 1093 917 futurum.
1106 852 1148 928 ²¹)

226 948 281 1012 Ex
312 947 425 1012 eadem
453 952 578 1015 ratione
599 949 804 1036 explicanda,
834 949 891 1014 sed
912 952 1070 1014 sententia
1093 951 1257 1014 contraria

167 1042 235 1108 dieta
255 1055 305 1110 eet
326 1049 445 1112 locutio
465 1045 557 1130 παρὰ
579 1043 700 1131 μικρόν
721 1049 830 1114 verbis
853 1049 1084 1134 comparativis
1107 1048 1257 1133 adiectis;

169 1165 231 1230 quae
252 1146 317 1210 nisi
338 1146 428 1232 apud
448 1149 647 1213 recentiores
670 1149 844 1234 scriptores
871 1170 935 1211 non
961 1150 1137 1230 invenitur,
1171 1147 1259 1213 velut

172 1243 237 1328 apud
255 1243 445 1329 Polybium:
478 1243 571 1329 παρὰ
604 1244 725 1330 μικρὸν
753 1240 921 1327 ὑπερέχειν
950 1246 985 1309 Π
1015 1252 1064 1314 38.
1098 1242 1136 1309 οὐ
1163 1245 1257 1328 παρὰ

172 1338 265 1424 μικρὸν
284 1332 324 1426 ἦν
345 1345 491 1428 κρεῖττον
511 1344 600 1410 haud
622 1345 732 1433 paullo
754 1345 869 1411 melius
893 1345 961 1408 XII
981 1352 1028 1413 20.
1051 1352 1080 1411 7.
1103 1337 1141 1408 ori
1164 1343 1257 1426 παρὰ

173 1438 264 1523 μικρὸν
284 1436 437 1527 ἐνίκησαν
466 1434 540 1505 οὐδ’
577 1436 622 1519 ὣς
652 1446 806 1530 φοβῆσαι
830 1438 935 1524 μόνον
962 1438 1258 1522 Λακεδαιμονίους

175 1527 223 1599 ἀλλ’
250 1535 507 1622 ἐκβαλόντες-
529 1534 693 1629 ἀνήγαγον
725 1533 773 1617 εἰς
805 1538 862 1628 τὴν
894 1539 931 1621 ἐξ
956 1535 1055 1626 ἀρχῆς
1081 1537 1175 1622 τάξιν
1201 1541 1258 1631 τὴν

176 1631 249 1701 πόλιν
267 1640 402 1706 Aristid.
422 1641 560 1708 Panath.
581 1665 612 1729 p.
635 1647 706 1710 284.
728 1642 829 1707 Dind.

233 1737 294 1804 Sed
315 1740 411 1826 longe
431 1740 580 1828 plurimis
601 1741 682 1807 locis
705 1740 883 1806 locutiones
911 1732 988 1822 παρ’
1014 1732 1137 1823 ὀλίγον,
1162 1741 1256 1825 παρὰ

177 1832 265 1920 μικρόν
285 1839 477 1926 simpliciter
493 1841 537 1906 ad
550 1840 715 1928 quaelibet
728 1838 830 1905 verba
845 1840 1016 1927 adpositae
1038 1840 1184 1926 paullum
1198 1842 1254 1907 ab·

177 1932 253 2002 feisse·
267 1939 451 2024 significant
472 1941 550 2027 quin
571 1940 659 2027 quod
680 1939 780 2005 verbo
801 1938 1002 2003 indicaretur
1017 1938 1137 2026 factum
1152 1951 1255 2022 esset3

179 2034 237 2100 unde
256 2037 449 2123 significatio
466 2050 523 2103 aut
541 2038 597 2103 otoo
617 2048 673 2103 aut
687 2035 917 2122 propemodum
930 2037 1077 2120 efficitur,
1094 2061 1175 2126 quas
1191 2063 1255 2104 una

180 2137 365 2203 enuntiatione
387 2137 631 2224 comprehendit
653 2136 873 2223 Thucydides,
895 2136 1065 2201 brevitatis
1087 2139 1256 2204 studiosis·

180 2230 248 2299 timus
267 2235 331 2301 VH
353 2242 411 2302 'lle
442 2229 495 2300 άεί
522 2234 583 2320 γὰρ
613 2228 696 2318 παρ’
729 2228 843 2317 ὀλίγον
870 2228 890 2321 ἢ
913 2230 1073 2322 διέφυγον
1095 2228 1115 2323 ἢ
1138 2230 1257 2300 ἀπώλ-

181 2322 244 2396 λυντο
268 2336 287 2403 i.
310 2359 338 2401 e.
368 2358 496 2422 semper
522 2339 607 2402 enim
635 2358 738 2424 parvo
764 2335 935 2400 intervallo
964 2345 1081 2401 aut-
1102 2349 1158 2401 aut
1184 2341 1206 2401 i.
1228 2361 1256 2404 e.

182 2426 216 2490 vlt
235 2433 412 2519 effugerunt
448 2445 506 2500 aut
540 2434 770 2521 μνυμανιοάυοι
803 2437 1004 2499 interierunt.
1055 2435 1256 2501 Intellectum

184 2532 324 2607 luticulae
344 2532 401 2597 otoo
421 2533 521 2614 habet
539 2531 632 2618 παρὰ
652 2529 773 2616 μικρόν
794 2536 828 2599 in
849 2535 939 2599 hisce
960 2533 1056 2598 locis:
1079 2526 1161 2617 παρ’
1183 2527 1257 2599 ὀλί-

181 2641 218 2701 tet
230 2622 393 2718 ἀπέφυγες
414 2623 560 2716 ὀλεθρον
580 2634 660 2699 Eur.
680 2634 752 2720 Iph.
775 2634 813 2699 T.
837 2639 906 2702 870.
932 2623 970 2695 οό
993 2627 1054 2715 γὰρ
1084 2630 1176 2715 παρὰ
1198 2656 1257 2715 μι-

179 2721 229 2803 tole
251 2725 416 2795 ἕποιύσαν
444 2723 532 2796 ἀλλὰ
559 2734 717 2797 τοσοῦτον
743 2730 804 2809 τὰς
829 2727 927 2809 τύχας
955 2723 1118 2814 ἑκατέρων
1143 2729 1257 2818 μετήλ-

177 2815 249 2902 λαξαν
272 2831 375 2896 Isoor.
395 2832 519 2918 Paneg.
542 2838 591 2898 59.
634 2827 698 2915 ἐγὼ
714 2869 754 2879 -
769 2823 806 2896 οὐ
836 2827 929 2913 παρὰ
950 2827 1072 2911 μικρὸν
1094 2823 1219 2914 άγωνιζ
1230 2826 1237 2848 ’

175 2938 244 3004 leeg
262 2921 345 3012 παρ’
369 2922 446 3012 ὑμῖν
468 2922 695 3016 ἀπελυσάμην,
721 2921 793 2992 ἀλλ’
818 2925 898 3005 ὥςυε
919 2926 957 2996 τὸ
978 2924 1133 3010 πέμπτον
1155 2929 1258 3013 μέρος

173 3016 202 3106 ll
213 3021 319 3111 λαβεῖν
339 3032 457 3093 τοῦτον
476 3033 544 3093 τῶν
564 3023 690 3116 ψήφων
711 3029 807 3096 Dem.
820 3027 923 3093 XXII
944 3034 972 3096 3.
995 3024 1106 3110 παρὰ
1126 3027 1255 3113 βραχὺ

174 3123 259 3205 φυγάν
277 3122 334 3193 τὸν
356 3122 507 3192 κίνδυνον
528 3128 674 3216 Aleiphr.
695 3128 746 3194 III
766 3135 796 3192 5.
819 3134 847 3199 3.

228 3225 399 3293 Notionem
416 3226 641 3314 properandum
662 3223 754 3310 παρὰ
775 3222 896 3310 μικρόν
914 3226 1013 3291 habet
1026 3228 1060 3292 in
1074 3226 1164 3293 hisce
1176 3227 1256 3294 locis

171 3311 394 3402 denotantes
416 3324 576 3391 σαλεῦσαι
599 3323 655 3390 καὶ
677 3323 822 3413 λυθῆναι
842 3322 936 3408 παρὰ
952 3322 1073 3407 μικρὸν
1095 3320 1258 3412 ἐποίησαν

170 3409 226 3488 lue.
244 3424 327 3492 VIII
348 3432 398 3493 95.
420 3423 566 3510 Μέγαρα
587 3419 676 3490 ἑάλω
698 3421 791 3509 παρὰ
811 3419 932 3508 μικρόν
953 3426 1047 3492 Dem
1070 3425 1139 3492 th
1160 3432 1256 3514 (quae

171 3579 352 3607 χιιι-..-

179 3750 181 3754 ¹
216 3691 254 3756 u)
274 3690 357 3757 Quod
376 3688 486 3744 dicendi
503 3706 591 3761 genus
609 3688 710 3744 Graeci
731 3705 819 3759 usque
845 3687 880 3742 ad
904 3692 1000 3743 nostra
1021 3693 1147 3759 tempora
1164 3703 1256 3741 serva·
1364 3686 1367 3690 ’

170 3772 251 3842 temne,
268 3774 516 3844 quibususitatum
533 3779 575 3827 est
593 3777 670 3844 παρὰ
689 3775 759 3828 πολὺ
775 3773 948 3844 νολλήιερος,
967 3772 1069 3843 quique
1080 3771 1165 3826 verba
1179 3771 1256 3840 παρὰ

172 3853 235 3907 πολλά
253 3858 438 3927 comparativo
453 3857 547 3912 addito
561 3855 642 3911 simili
654 3855 800 3909 intellectu
812 3861 957 3927 usurpant.
974 3855 1070 3908 valent
1081 3855 1154 3909 enim
1166 3870 1256 3925 paene

172 3924 222 3989 idem
236 3943 305 4011 quod
319 3935 500 4013 'antiquorum
519 3939 688 3995 Graecorum
699 3940 837 4010 particula
853 3943 925 3995 λίαν.
943 3956 969 3995 v.
984 3937 1114 3995 Mullach.
1133 3936 1255 3994 Gramm.

173 4007 207 4066 der
219 4023 310 4090 grieeh,
329 4025 495 4097 Vuigiirspr.
513 4043 542 4096 p.
562 4028 619 4082 383.
638 4024 702 4079 adn.
720 4027 745 4079 2.
