2836 4784
169 108 228 176 238
431 131 435 138 ·
612 142 622 150 ‘
678 105 762 166 Allan
831 148 841 153 —

135 358 137 362 Ι
168 272 252 338 tituli
280 271 315 339 O.
336 274 362 340 Ι.
388 279 466 340 1757
492 285 524 339 01
551 282 626 342 16117
655 278 914 345 habent.eontra
945 272 1098 368 otxoyafp
1125 292 1157 348 et
1182 285 1301 350 Λαο·

167 371 242 459 δικῆ
264 376 341 449 (acc.
363 374 454 437 vocis
476 370 692 456 Λαοδικεύς).

250 479 277 538 7.
314 493 368 535 0-0
383 486 415 536 01
429 494 501 547 ε-ω,
522 484 557 537 01
571 474 668 559 vulgo
685 475 722 539 fit
737 477 770 540 in
781 476 936 542 Dorismo
953 480 1210 564 septentrionali,
1232 504 1301 552 so-

167 573 234 636 luta
246 582 386 653 manent,
396 594 489 658 quem
502 596 624 636 morem
637 575 878 661 apudDelphos
889 578 1009 641 scimus
1021 578 1079 643 diu
1090 580 1301 674 inhaesisse,

169 696 243 736 uam
267 681 410 735 recentes
435 694 544 736 eorum
565 673 659 754 tituli,
682 674 793 760 quales
814 673 971 739 Wescher
995 686 1026 741 01
1046 678 1195 743 Fouoart
1216 683 1301 752 edi.

169 772 262 853 dere,
289 794 364 834 raro
383 779 510 834 tantum
540 781 721 835 contractas
748 773 868 837 formas
898 796 918 838 a
946 778 1109 841 communi
1139 777 1296 853 dialecto

168 871 285 952 illatas,
304 869 468 933 exhibent.
521 869 575 932 Sic
595 872 628 934 in
650 871 796 935 Locricis
816 865 924 947 ἐάνια,
949 865 1169 957 άνχωρέοντα,
1195 900 1291 959 προ-

166 964 288 1046 ξενέοι,
316 963 516 1043 Ἐοικέονῑος,
547 965 782 1046 μεταῐοικέοι,
817 964 928 1046 imme,
952 971 1012 1038 On.
1033 981 1062 1056 6,
1086 979 1114 1057 8,
1135 975 1228 1060 Hyp.
1252 989 1284 1060 2,

169 1075 216 1150 19,
238 1074 286 1134 29.
328 1068 366 1130 In
387 1069 567 1132 recentiore
589 1069 665 1133 (1.1.
691 1075 767 1136 1567
790 1067 967 1134 Χαλειέων
981 1075 1092 1147 (etiam
1107 1072 1279 1156 Χαλειιῦν)

165 1177 197 1231 01
218 1161 482 1250 δαμιοργέοντος.
984 1228 988 1235 ,

247 1271 274 1331 8.
307 1287 369 1351 ἰχ-α
390 1266 488 1330 efficit
509 1288 544 1350 p:
572 1257 754 1351 ἠδελφεόν,
783 1258 1013 1352 primordium,
1036 1271 1138 1358 (Hyp,
1161 1278 1189 1352 7,
1212 1280 1265 1353 ῃ),

165 1388 240 1431 nam
262 1368 309 1430 sic
330 1365 439 1452 placet
467 1365 609 1428 scribere
638 1366 745 1450 potius
768 1387 864 1452 quam
885 1359 904 1453 ἢ
924 1361 1092 1454 'doluerim
1126 1367 1169 1456 μὴ
1194 1361 1263 1432 'ao-

164 1469 300 1547 oaoipev:
322 1465 401 1529 Ahr.
425 1464 466 1527 de
487 1465 574 1527 crasi
596 1473 627 1527 et
649 1464 724 1550 aph.
745 1487 820 1549 pag.
842 1471 890 1534 28.

230 1571 275 1630 ’9.
304 1586 357 1627 0-0
379 1563 579 1628 contrahitur
600 1564 633 1625 in
655 1585 696 1625 nr:
720 1557 832 1642 δάμω,
856 1560 1057 1640 Ναυπάκτια,
1080 1565 1167 1651 Hyp.
1189 1573 1212 1645 4,
1227 1568 1258 1640 8,

162 1668 220 1741 τῶ,
243 1659 410 1745 προξένω,
436 1661 494 1726 Oa.
516 1670 546 1743 4,
568 1669 624 1743 11,
645 1671 678 1725 01
699 1664 725 1724 si
748 1665 803 1746 qui
824 1663 880 1727 alii
903 1664 1118 1751 ejusmodiin
1138 1673 1258 1747 utroque

161 1765 254 1830 titulo
276 1763 419 1848 genetivi
438 1759 595 1859 leguntur.
633 1759 726 1839 Quae
746 1765 932 1848 proprietas
951 1764 1123 1828 severioris
1138 1758 1256 1828 Doridis

109 1938 111 1942 ³
162 1873 227 1938 est3
258 1863 338 1927 Ahr.
366 1867 436 1926 2115.
479 1859 553 1923 Non
586 1870 678 1924 erant
709 1860 869 1925 Ahrensio
905 1855 1017 1944 δάμω,
1040 1853 1203 1944 Ἕροδάμω
1221 1858 1254 1918 in

162 1963 197 2028 O.
209 1963 234 2026 I.
250 1969 328 2028 1752
352 1958 545 2024 damnanda.
579 1957 684 2022 Simili
697 1958 794 2023 modo
815 1950 834 2021 ὀ
855 1951 1022 2036 Οὶαν5οάς
1042 1960 1079 2026 fit
1092 1984 1149 2048 per
1162 1956 1255 2024 cresin

159 2052 329 2134 Ὠανθεάς,
355 2059 414 2124 Oz.
437 2065 465 2122 7.

169 2133 179 2163 ⁵
247 2168 293 2227 10.
329 2180 382 2221 0-0
403 2158 439 2220 111
461 2179 504 2219 nr:
530 2149 720 2238 δαμιωργός
748 2156 821 2236 (Oz.
845 2164 893 2235 15)
915 2160 956 2224 cf.
979 2149 1205 2243 άμπελωργικά
1220 2153 1252 2216 in

159 2258 225 2324 tab.
256 2256 385 2321 Heracl.
416 2265 448 2320 et
477 2255 609 2337 similia3
641 2247 827 2332 Ὀπώνιιος
852 2267 1035 2324 constanter
1059 2260 1093 2322 in
1112 2260 1159 2322 tit.
1179 2255 1253 2340 Hyp·

159 2352 273 2421 In'hoc
288 2377 413 2444 quoque
430 2354 514 2418 tituli
533 2356 727 2419 severiorem
741 2355 930 2421 Dorismum
945 2368 1141 2444 sequuntur:
1162 2353 1254 2420 mitior

160 2458 244 2522 enim
268 2456 377 2542 poscit
404 2448 606 2535 doprorpydg
632 2453 682 2530 (Ο.
703 2453 728 2517 Ι.
762 2461 854 2534 1193)
883 2465 916 2528 01
935 2450 1144 2532 Ὀπούντιοι,
1172 2461 1252 2540 (quse

158 2559 263 2621 forma
281 2563 397 2641 postea
408 2576 524 2618 revera
537 2551 683 2634 invaluit,
708 2553 745 2617 cf.
762 2552 840 2618 (1.1.
859 2561 959 2637 1752),
979 2565 1016 2619 ut
1030 2549 1249 2623 Σελινούντιοι,

162 2649 360 2729 Οἶνοάπιοι,
377 2646 578 2726 Σιδοάντιοι,
604 2662 672 2733 ete,
695 2674 830 2738 quorum
843 2655 927 2719 ratio
942 2653 1055 2720 eadem
1071 2665 1129 2720 est.
1164 2653 1248 2718 Oen

157 2754 302 2820 nomides
331 2754 435 2816 minus
462 2760 550 2815 recte
579 2750 668 2814 dedit
692 2743 865 2814 'Oadrctor
893 2754 969 2839 quia
997 2764 1084 2818 esset
1103 2745 1252 2816 ‘Oltam

157 2876 217 2940 pro
236 2845 423 2916 Ὀλοάντιοι
444 2851 477 2913 in
498 2851 545 2912 tit.
568 2850 653 2916 Cret.
677 2849 757 2914 C.1.
781 2858 860 2917 2554
882 2863 913 2917 01
935 2853 992 2934 al,
1020 2864 1124 2942 atque
1139 2849 1252 2940 potestt

157 2951 269 3016 eodem
287 2954 361 3038 jure
386 2942 568 3029 δαμιοργάς
588 2947 740 3031 scribere,
762 2951 801 3015 cf.
818 2948 891 3018 (1.1.
912 2958 998 3030 1542,
1018 2959 1096 3021 1543
1120 2946 1252 3028 (Aean.)

156 3061 188 3115 01
217 3050 428 3115 recentiorem
456 3049 503 3110 tit
531 3047 757 3132 Ohaleeusem,
784 3047 822 3113 C.
841 3048 867 3113 Ι.
891 3055 980 3116 1567.
1023 3051 1117 3117 Ηο00
1146 3059 1191 3115 001
1206 3063 1252 3109 re‘

156 3153 278 3214 centior
299 3150 404 3213 forma
426 3149 499 3232 ipsa
517 3168 556 3209 ex
580 3142 767 3229 ὁάμιωργάς
794 3158 928 3235 propter
952 3149 1111 3236 duplicem
1132 3163 1254 3234 sequess‘

153 3259 218 3314 tem
239 3269 412 3314 consonam
432 3255 597 3331 correpta:
627 3246 707 3310 illud
727 3239 893 3309 Ὀλόντιοι
916 3248 1064 3314 similiter
1084 3273 1105 3315 a
1124 3245 1256 3336 genuiss⁰

153 3347 282 3414 Cretico
302 3338 597 3409 ‘Olcdmorortum
617 3354 673 3410 est.
729 3345 794 3410 Sed
821 3347 855 3410 in
881 3350 1003 3413 nostris
1029 3348 1130 3414 titulis
1153 3343 1255 3434 potius

154 3446 368 3537 principalem
391 3445 532 3531 speciem
555 3465 778 3528 agnoscemus.
808 3446 877 3510 Nec
898 3452 976 3512 v'ero
994 3449 1101 3512 minus
1123 3441 1251 3511 severio·

152 3569 221 3611 rem
238 3546 489 3611 contractionem
504 3542 791 3615 animadvertimus
804 3547 838 3610 in
855 3537 1009 3628 ὠπάγων,
1018 3538 1100 3618 ieci
1115 3538 1246 3626 satyro,

53 3701 55 3703 .
152 3644 272 3711 0011.
300 3645 425 3709 Nomen
440 3643 530 3707 urbis
551 3642 692 3728 Opuntia
715 3644 853 3709 solutum
867 3646 1030 3710 invenitur
1047 3647 1081 3710 in
1095 3636 1242 3708 ‘merua
1299 3682 1301 3691 .

151 3742 716 3830 Quummmm
