2836 4784
273 380 314 441 52
648 424 653 429 .
784 375 847 430 Rau

273 552 418 628 tempore
428 566 488 629 pro
498 565 536 606 ea
552 565 616 629 qua
633 545 724 629 viget
739 546 915 609 vivacitate
927 545 1044 607 iterum
1055 543 1152 607 latius
1165 552 1280 630 patere
1294 556 1325 607 et
1334 567 1385 607 ex-

274 640 372 705 clusis
395 641 526 728 reliquis
551 642 681 707 casibus
704 644 790 708 solus
811 666 950 728 regnare
973 643 1094 729 coepit3
1117 643 1205 726 quod
1227 665 1302 707 cum
1324 666 1385 708 om-

275 739 371 804 nibus
390 740 519 827 linguis,
540 753 607 805 tum
624 765 744 827 graeca
761 741 1008 806 demonstratur.
1036 741 1290 826 Angustissimis
1305 743 1385 805 enim

275 839 365 926 apud
385 840 564 904 Homerum
587 841 706 906 finibus
736 865 812 904 usus
832 834 925 922 παρά
947 864 1021 905 cum
1043 842 1231 905 accusativo
1254 841 1384 904 circum·

275 940 417 1024 scriptus
439 948 498 1021 est,
526 942 581 1024 qui
604 962 731 1025 semper
753 938 920 1021 intellectu
945 938 1042 1005 locali
1062 940 1123 1004 hac
1146 941 1385 1026 praepositione

274 1060 351 1101 usus
374 1037 499 1103 duobus
520 1046 644 1102 tantum
661 1039 742 1103 locis
757 1038 921 1103 intellectu
937 1038 1056 1102 latinae
1068 1039 1249 1123 particulae
1259 1053 1385 1124 practer

274 1159 346 1200 eam
378 1140 559 1224 usurpavit,
592 1133 697 1218 (παρὰ
718 1138 840 1219 μοῖραν
867 1141 901 1199 Ν
915 1144 984 1206 787.
1014 1133 1084 1219 πὰρ
1107 1131 1248 1216 δύναμιν
1270 1138 1384 1222 ξ509);

274 1237 374 1301 semel
395 1239 525 1301 notione
546 1238 718 1323 temporali
740 1239 849 1322 posuit
869 1237 887 1301 I
908 1245 968 1304 470
990 1233 1084 1317 παρὰ
1103 1229 1230 1312 νύκτας.

357 1330 458 1417 Horo}
481 1359 552 1401 cum
575 1337 762 1401 accusativo
779 1337 984 1401 coniunctum
1001 1334 1163 1422 duplicem
1181 1339 1383 1423 potissimum

274 1457 366 1498 usum
390 1435 503 1500 habet:
1287 1500 1290 1504 Α

288 1533 313 1597 Ι.
336 1534 455 1599 additis
477 1533 586 1598 verbis
608 1534 762 1599 movendi
782 1556 955 1620 personam
974 1532 1028 1598 vel
1048 1532 1154 1599 locum
1176 1535 1302 1601 indicat
1325 1558 1382 1623 quo

337 1644 441 1698 motus
464 1633 509 1715 fit,
531 1634 565 1695 in
590 1635 681 1697 ouius
702 1635 901 1698 vicinitatem
924 1633 1075 1718 dirigitur
1097 1632 1155 1716 (aa
1170 1633 1307 1716 41111)ο

210 1785 215 1789 .
273 1732 317 1796 Π.
340 1732 500 1798 adiunctis
522 1731 632 1796 verbis
654 1735 785 1797 notione
806 1746 838 1798 et
859 1734 1013 1797 movendi
1034 1747 1065 1797 et
1082 1734 1272 1820 quiescendi
1293 1756 1382 1820 prae·

337 1831 412 1895 ditis
435 1854 608 1918 personam
636 1831 689 1896 vel
716 1832 821 1897 locum
848 1832 973 1897 indicat
998 1834 1092 1896 iuxta
1118 1855 1214 1918 quem
1237 1835 1384 1920 quidest

334 1930 387 1995 vel
409 1941 539 2018 praeter
561 1953 656 2018 quem
679 1932 757 2016 quid
787 1943 934 1998 movetur
959 1939 1015 2010 (an
1043 1940 1143 1997 etwas
1173 1933 1318 2020 eralcap5
1345 1955 1382 1997 an

336 2042 435 2095 etwas
456 2031 587 2114 corbet).

354 2130 399 2195 Et
419 2132 524 2217 primo
546 2130 617 2195 loco
640 2129 786 2195 dicamus

782 2334 802 2412 s
827 2335 872 2395 19.

295 2480 341 2546 de
368 2474 476 2562 παρά
505 2502 590 2542 cum
620 2480 866 2544 accusativo
895 2479 1024 2545 locum
1052 2481 1116 2546 vel
1144 2503 1365 2567 personam

354 2602 429 2666 quo
457 2588 589 2643 motus
618 2580 818 2663 dirigitur
848 2580 1140 2664 significante,
1168 2579 1316 2645 verbis

674 2677 793 2743 eundi
822 2677 987 2743 additis.

335 2827 431 2909 Quod
445 2830 511 2892 iam
520 2828 562 2893 de
576 2853 635 2892 usu
648 2829 743 2893 huius
757 2829 1009 2915 praepositionis
1025 2850 1098 2892 cum
1112 2830 1267 2913 genetivo
1284 2839 1316 2894 et
1329 2828 1379 2893 da-

270 2931 337 2992 tivo
360 2930 550 2992 coniunctae
573 2927 809 2994 disserentibus
830 2927 926 2992 nobis
947 2927 1119 2992 dicendum
1140 2927 1211 3004 fuit,
1236 2928 1325 2993 idem
1345 2926 1380 2991 da

269 3020 362 3107 παρά
385 3049 457 3090 oum
480 3029 666 3091 accusativo
690 3025 790 3091 valet:
820 3026 904 3090 hanc
927 3028 1204 3113 praepositionem
1226 3029 1260 3091 in
1284 3048 1379 3113 prosa

271 3136 357 3189 certe
381 3127 525 3189 oratione
549 3148 568 3188 a
591 3125 689 3190 rebus
711 3127 864 3190 inanimis
886 3127 953 3190 fere
981 3148 1052 3189 esse
1074 3126 1221 3190 alienam.
1263 3126 1378 3191 Exem-

270 3215 363 3311 plum¹
387 3224 607 3288 Herodoteum
635 3234 683 3288 est
711 3225 789 3294 148
818 3220 989 3312 διέπεμψε
1017 3221 1109 3306 παρὰ
1136 3221 1178 3286 τὰ
1204 3219 1379 3311 χρηστήρια

268 3319 345 3398 τοὺς
379 3317 608 3407 θεοπρόπους,
651 3322 921 3412 Xenophonteum
966 3323 1061 3401 (Hell.
1095 3323 1129 3388 Η
1167 3333 1193 3403 1,
1229 3331 1261 3405 5)
1299 3315 1376 3406 παρ’

269 3415 409 3506 ἓκάσιην
441 3425 523 3486 varia
556 3417 703 3505 προςιών
734 3424 790 3488 ubi
827 3425 906 3499 ναῦς
927 3446 1031 3510 paene
1062 3423 1149 3486 idem
1179 3424 1268 3489 valet
1298 3422 1379 3512 quod

268 3523 402 3604 ναῦται,
427 3522 484 3585 sed
505 3524 553 3587 rei
575 3524 663 3588 notio
686 3525 771 3588 inest
792 3525 828 3605 in
847 3521 920 3587 loco
936 3523 1083 3587 Platonis
1106 3523 1240 3598 (Phaed.
1261 3531 1319 3592 113
1335 3525 1378 3599 Β.)

269 3611 460 3705 ἀφικνεῖται
483 3613 565 3703 παρ’
587 3615 706 3700 ἔσχατα
721 3624 776 3708 τῆς
787 3615 1040 3703 Ἀχερουσιάδος
1054 3618 1177 3706 λίμνης.
1194 3621 1282 3709 quod
1298 3623 1378 3687 idem

269 3720 357 3785 cadit
372 3722 415 3801 'in'
432 3720 538 3785 locum
561 3719 743 3806 Metagenis
771 3723 887 3786 comici
915 3721 1024 3797 (Mein.
1046 3721 1080 3784 Π
1102 3726 1131 3802 2,
1154 3728 1228 3800 753)
1257 3714 1378 3803 τεμάχη

269 3811 317 3894 εἰς
336 3816 374 3883 τὸ
398 3812 488 3899 στόμ’
515 3812 615 3905 ᾄττει,
638 3817 679 3881 τὰ
699 3818 735 3882 δὲ
757 3812 839 3901 παρ’
863 3812 953 3883 αὐτώ
974 3816 1020 3884 aul
1044 3814 1138 3885 πόδε.

350 3916 450 4004 Apud
470 3919 605 4004 Lysiam
626 3919 655 3997 (I
671 3925 722 3996 35)
745 3915 837 4001 παρὰ
859 3917 938 3996 τοὺς
960 3915 1082 4002 νόμους
1104 3915 1219 3982 ἐλθεῖν
1233 3919 1378 4005 legimus,

268 4016 326 4081 ubi
346 4016 435 4104 leges
458 4020 552 4106 quasi
572 4040 741 4104 personae,
764 4040 845 4106 quas
866 4019 1004 4104 adimus,
1026 4021 1208 4106 cogitantur
1230 4041 1311 4086 esse.
1336 4017 1339 4022 ’
