2836 4784
156 343 215 406 136
646 334 779 389 Benseler

153 504 393 586 terminaretur,
414 503 534 569 nullius
548 526 683 588 usquam
699 502 805 568 adhuc
819 503 994 590 vestigium
1013 511 1171 590 repertum
1182 517 1240 569 esst

155 603 252 684 Quod
278 626 356 670 vero
385 604 419 669 in
439 603 490 669 his
519 603 665 686 casibus,
697 604 819 691 quippe
851 604 906 691 qui
936 604 972 669 in
1003 601 1240 690 inscriptionibu

155 705 296 770 rariores
317 705 396 787 sint,
426 704 587 768 neminem
609 702 763 785 offendet,
785 701 820 768 id
840 704 875 768 in
896 705 1048 789 genetivo
1071 699 1154 769 casu¹
1167 703 1240 769 inin

155 803 385 890 scriptionibus
419 803 471 869 vel
504 805 576 892 ipso
609 804 808 869 nominativo
838 802 1057 891 frequentiore
1086 803 1194 868 summi
1210 824 1240 871 st

155 905 315 968 momenti.
339 904 416 970 Jnm
430 920 509 971 vero
522 903 700 969 Bitschelio
721 902 969 988 diligentissime
988 901 1139 990 exemplo
1156 903 1240 971 horu

154 1003 321 1068 nominum
349 1005 566 1090 perscrutanti
588 1022 688 1071 unum
716 1013 841 1069 tantum
863 1002 1047 1089 exemplum
1069 1002 1203 1082 occurpit
1219 1036 1240 1051 -

154 1122 230 1167 nam
255 1102 418 1169 de‘altero
444 1103 476 1170 0.
496 1103 696 1169 Vcttv’t’Helt’s
716 1103 791 1169 vide
812 1104 948 1188 quaein
969 1103 1035 1168 fine
1056 1101 1240 1190 supplement

154 1201 235 1268 decl,
260 1202 394 1289 protulit
415 1240 457 1250 -
478 1203 564 1290 quod
585 1203 726 1289 genetivi
752 1204 891 1289 speciem
913 1225 994 1290 prae
1015 1201 1163 1270 ecferre
1180 1222 1240 1273 assa

152 1312 266 1384 verat,
291 1301 371 1370 decl
391 1326 422 1390 p.
447 1310 494 1369 ll.
535 1302 597 1367 Est
622 1305 656 1367 in
684 1303 894 1389 inscriptione
923 1301 1008 1368 ollae
1037 1302 1240 1367 cinerarios:

151 1401 302 1467 Baldinio
322 1403 462 1468 Dissert.
495 1401 684 1468 academiae
715 1401 926 1468 Cortonensis
952 1410 975 1468 t.
995 1400 1039 1468 II.
1060 1394 1093 1489 p'.
1118 1407 1171 1466 151
1192 1421 1240 1489 sqq

153 1500 240 1566 edita
265 1510 296 1567 et
323 1503 390 1586 iam
420 1525 441 1567 a
467 1523 518 1567 me
540 1512 765 1569 memoratum:
799 1502 837 1566 P.
861 1500 968 1568 codd
994 1500 1028 1566 0.
1049 1499 1088 1566 L.
1110 1498 1240 1586 Pomptini

152 1601 185 1663 in
209 1623 288 1686 quo,
311 1603 340 1665 si
361 1601 444 1666 bene
464 1602 567 1667 verba
587 1605 656 1691 ejus
675 1601 839 1686 intellexi,
870 1611 978 1669 censet
1004 1602 1139 1668 nomina.
1163 1597 1240 1667 Clodi

152 1708 183 1764 et
203 1700 358 1785 Pomptini
376 1703 544 1788 genetivus
563 1725 634 1768 esse
655 1702 783 1768 debere.
812 1701 997 1768 Fatendum
1018 1711 1135 1778 estme
1152 1720 1240 1788 parsu

152 1807 319 1864 versatum
350 1822 421 1865 esse
448 1803 483 1866 in
514 1801 663 1868 doctrina
695 1802 908 1889 epigraphica
934 1823 1032 1887 quam
1061 1809 1101 1866 ut
1118 1800 1240 1875 anduen

151 1898 274 1984 legere:
296 1898 333 1965 P.
353 1898 467 1966 Clodc’c.
493 1900 525 1967 C.
546 1901 764 1986 L.‘Pompciu’
781 1901 904 1967 scilicet
924 1901 1011 1966 filius
1030 1900 1085 1967 vel
1102 1890 1240 1988 alequid

151 2007 188 2062 ut
213 1997 319 2063 obde
338 2001 575 2082 nominativus,
603 2000 760 2086 Pomptini
776 2003 945 2088 genetivus
966 2009 1066 2083 esset,
1100 2023 1173 2065 nam
1192 1998 1240 2063 sin

154 2095 253 2163 dubio
276 2099 327 2164 vir
349 2101 447 2190 hujus
470 2103 624 2166 scientiae
640 2101 856 2188 peritissimus
879 2122 991 2167 eorum
1011 2101 1067 2189 qui
1087 2122 1172 2166 nunc
1190 2114 1240 2164 sum

151 2221 226 2264 suas
248 2197 363 2265 habuit
384 2223 509 2283 causes,
533 2222 615 2287 quae
637 2222 709 2266 eum
729 2200 929 2283 inducerent,
948 2208 984 2264 ut
1000 2209 1149 2266 censeret
1163 2194 1240 2264 clod

150 2307 275 2365 tantum
295 2301 479 2384 genetivum
509 2322 619 2365 casum
648 2324 745 2388 posse
772 2293 852 2366 esse.
894 2299 991 2365 Certe
1015 2299 1131 2365 fefellit
1158 2296 1240 2386 opinit

152 2397 362 2465 Corssenium
384 2399 558 2486 ,Beitritge‘
579 2421 610 2486 p.
626 2405 685 2468 563
697 2406 776 2488 sqq,
799 2420 897 2487 quum
920 2398 1080 2486 judicaret
1101 2409 1240 2485 unumqu

150 2521 267 2563 nomen
290 2499 536 2571 nominativum¹
554 2521 666 2564 casum
689 2522 777 2583 esse,
804 2522 844 2564 ac
864 2499 1019 2584 Pampim‘
1037 2499 1167 2587 quidem
1186 2507 1240 2563 tan

152 2616 248 2684 quam
268 2619 384 2663 nomen
405 2599 575 2685 proprium
600 2599 711 2665 liberti
732 2599 852 2665 Graeci
879 2599 1035 2687 scriptum
1062 2623 1125 2686 pro
1145 2601 1240 2678 Harl·

151 2690 284 2772 πίνις,
318 2696 447 2785 abjecta
478 2706 513 2762 ut
543 2699 577 2762 in
604 2698 714 2765 multis
735 2700 863 2765 Latinis
890 2699 961 2764 lieri
992 2698 1113 2765 soleret
1134 2689 1240 2775 {finti

150 2798 290 2863 nominis
319 2790 569 2878 Παμπίνιος
593 2799 735 2870 vicario„
757 2786 851 2865 'Nom
874 2797 1004 2865 Graeca
1032 2798 1240 2888 ejusmodin

151 2899 252 2962 mina.
273 2898 403 2973 omnino
437 2921 502 2968 non
538 2907 612 2962 ante
643 2897 783 2963 medium
822 2895 986 2970 saeculnm
1018 2899 1161 2984 primum
1197 2916 1240 2984 paq

156 2996 319 3062 Christum
346 3005 458 3065 natum
479 2998 702 3084 reperiuntur3
731 2997 812 3063 haec
831 3021 913 3065 vero
931 2999 1105 3085 inscriptio
1123 2987 1240 3064 certent

153 3096 297 3161 initium
314 3096 415 3184 primi
442 3105 518 3163 ante
548 3097 714 3163 Christum
753 3107 865 3167 natum
903 3097 1025 3166 saeculi
1060 3095 1240 3186 spectate

155 3217 288 3261 numero
326 3218 485 3261 annorum
525 3197 615 3262 circa
650 3205 779 3262 centum
815 3197 1051 3285 quinquaginta
1084 3220 1121 3263 a.
1139 3190 1240 3264 Grae

155 3295 315 3382 ejusmodi
342 3295 526 3361 nominibus
554 3306 734 3383 separetur.
784 3295 989 3382 Quamquam
1016 3297 1120 3382 igitur
1145 3291 1240 3382 dehet

151 3395 301 3478 genetivo
327 3393 433 3460 obdis
456 3393 614 3465 ,dubitare
636 3397 694 3462 vix
723 3395 847 3479 licebit,
879 3406 989 3461 tamen
1018 3419 1116 3483 quum
1150 3390 1240 3459 nullst

152 3493 296 3580 ejusdem
331 3517 425 3563 casus
458 3494 565 3585 aliud·
580 3496 723 3583 supersit
754 3495 953 3582 exemplum,
992 3497 1086 3583 cujus
1120 3484 1151 3563 ἶ
1165 3487 1240 3571 final!

152 3593 318 3678 manserit,
338 3616 404 3666 non
427 3595 532 3660 audeo
552 3603 679 3661 tantum
701 3597 731 3660 ei
753 3595 897 3661 tribuere
919 3596 1089 3680 momenti,
1111 3605 1147 3663 ut
1164 3587 1240 3660 omnlt

152 3692 244 3758 haec*
263 3695 397 3761 nomina
423 3695 560 3781 proprie
585 3694 663 3759 clim
690 3696 726 3760 in
745 3696 898 3782 genetivo
920 3694 1036 3763 eodem
1057 3696 1153 3763 modo
1173 3685 1240 3758 dccli

151 3800 229 3863 nate
251 3815 322 3860 esse
344 3793 547 3877 contendam,
570 3795 762 3881 praesertim
777 3818 873 3883 quum
888 3794 1028 3863 subhac
1048 3791 1240 3861 terminatiom

152 3882 187 3958 is
217 3893 360 3977 genetivi
386 3892 493 3964 obde
522 3892 624 3958 latere
663 3896 768 3981 possit
797 3882 832 3960 is
859 3895 1045 3961 terminatio
1072 3895 1240 3982 genuinae

152 3991 345 4082 principalis
388 3993 530 4062 omnium
569 3995 793 4082 genetivorum
825 3993 1034 4078 Latinorum,
1074 3995 1131 4084 qui
1157 3993 1240 4082 poste⁸
