<?xml version="1.0" encoding="UTF-8"?>
<!DOCTYPE html PUBLIC "-//W3C//DTD XHTML 1.0 Transitional//EN"
    "http://www.w3.org/TR/xhtml1/DTD/xhtml1-transitional.dtd">
<html xmlns="http://www.w3.org/1999/xhtml" xml:lang="en" lang="en">
 <head>
  <title>
</title>
<meta http-equiv="Content-Type" content="text/html;charset=utf-8" />
  <meta name='ocr-system' content='tesseract 3.04.00' />
  <meta name='ocr-capabilities' content='ocr_page ocr_carea ocr_par ocr_line ocrx_word'/>
</head>
<body>
  <div class='ocr_page' id='page_1' title='image "./studienzurgriec03curtgoog/studienzurgriec03curtgoog_0275.png"; bbox 0 0 2836 4784; ppageno 0'>
   <div class='ocr_carea' id='block_1_1' title="bbox 151 344 745 416">
    <p class='ocr_par' dir='ltr' id='par_1_1' title="bbox 151 344 745 416">
     <span class='ocr_line' id='line_1_1' title="bbox 151 344 745 416; baseline 0 -17"><span class='ocrx_word' id='word_1_1' title='bbox 151 348 211 416; x_wconf 73' lang='lat'><strong>256</strong></span> <span class='ocrx_word' id='word_1_2' title='bbox 661 344 745 400; x_wconf 85' lang='lat' dir='ltr'><strong>Allan</strong></span> 
     </span>
    </p>
   </div>
   <div class='ocr_carea' id='block_1_2' title="bbox 98 512 1242 2985">
    <p class='ocr_par' dir='ltr' id='par_1_2' title="bbox 152 512 1242 693">
     <span class='ocr_line' id='line_1_2' title="bbox 152 512 1242 599; baseline 0.002 -23"><span class='ocrx_word' id='word_1_3' title='bbox 152 513 238 597; x_wconf 90' lang='lat' dir='ltr'><strong>apud</strong></span> <span class='ocrx_word' id='word_1_4' title='bbox 260 512 435 578; x_wconf 87' lang='lat' dir='ltr'><strong>Aeolenses</strong></span> <span class='ocrx_word' id='word_1_5' title='bbox 458 536 554 599; x_wconf 83' lang='lat' dir='ltr'>asper</span> <span class='ocrx_word' id='word_1_6' title='bbox 581 537 645 579; x_wconf 93' lang='lat' dir='ltr'><strong>non</strong></span> <span class='ocrx_word' id='word_1_7' title='bbox 673 514 816 579; x_wconf 86' lang='lat' dir='ltr'><strong>habebat</strong></span> <span class='ocrx_word' id='word_1_8' title='bbox 844 514 971 579; x_wconf 90' lang='lat' dir='ltr'><strong>firmam</strong></span> <span class='ocrx_word' id='word_1_9' title='bbox 1000 517 1035 579; x_wconf 94' lang='lat' dir='ltr'><strong>in</strong></span> <span class='ocrx_word' id='word_1_10' title='bbox 1062 513 1124 577; x_wconf 87' lang='lat' dir='ltr'><strong>hac</strong></span> <span class='ocrx_word' id='word_1_11' title='bbox 1150 513 1242 578; x_wconf 81' lang='lat' dir='ltr'><strong>radice</strong></span> 
     </span>
     <span class='ocr_line' id='line_1_3' title="bbox 152 610 461 693; baseline 0.013 -20"><span class='ocrx_word' id='word_1_12' title='bbox 152 610 269 693; x_wconf 90' lang='lat' dir='ltr'><strong>sedem,</strong></span> <span class='ocrx_word' id='word_1_13' title='bbox 291 610 370 677; x_wconf 86' lang='lat' dir='ltr'><strong>Ahr.</strong></span> <span class='ocrx_word' id='word_1_14' title='bbox 392 612 412 678; x_wconf 93' lang='lat' dir='ltr'><strong>l.</strong></span> <span class='ocrx_word' id='word_1_15' title='bbox 435 635 461 678; x_wconf 93' lang='lat' dir='ltr'><strong>c.</strong></span> 
     </span>
    </p>

    <p class='ocr_par' dir='ltr' id='par_1_3' title="bbox 150 701 1242 1294">
     <span class='ocr_line' id='line_1_4' title="bbox 233 701 1242 793; baseline 0.006 -20"><span class='ocrx_word' id='word_1_16' title='bbox 233 709 386 775; x_wconf 81' lang='lat' dir='ltr'><strong>Attamen</strong></span> <span class='ocrx_word' id='word_1_17' title='bbox 419 713 453 776; x_wconf 94' lang='lat' dir='ltr'><strong>in</strong></span> <span class='ocrx_word' id='word_1_18' title='bbox 490 705 668 793; x_wconf 72' lang='grc' dir='ltr'>πεπορκίοι</span> <span class='ocrx_word' id='word_1_19' title='bbox 685 701 688 705; x_wconf 51' lang='grc'><strong>’</strong></span> <span class='ocrx_word' id='word_1_20' title='bbox 706 712 777 789; x_wconf 83' lang='lat' dir='ltr'><strong>(Oa.</strong></span> <span class='ocrx_word' id='word_1_21' title='bbox 805 718 861 789; x_wconf 79' lang='lat' dir='ltr'><strong>te)</strong></span> <span class='ocrx_word' id='word_1_22' title='bbox 900 711 1055 777; x_wconf 87' lang='lat' dir='ltr'><strong>libentius</strong></span> <span class='ocrx_word' id='word_1_23' title='bbox 1094 715 1242 779; x_wconf 78' lang='lat' dir='ltr'><strong>credemur</strong></span> 
     </span>
     <span class='ocr_line' id='line_1_5' title="bbox 154 810 1242 902; baseline 0.006 -29"><span class='ocrx_word' id='word_1_24' title='bbox 154 810 397 897; x_wconf 90' lang='lat' dir='ltr'><strong>quadratarium</strong></span> <span class='ocrx_word' id='word_1_25' title='bbox 420 834 583 897; x_wconf 74' lang='lat' dir='ltr'><strong>peccasse,</strong></span> <span class='ocrx_word' id='word_1_26' title='bbox 607 834 703 898; x_wconf 90' lang='lat' dir='ltr'><strong>quam</strong></span> <span class='ocrx_word' id='word_1_27' title='bbox 725 834 875 898; x_wconf 88' lang='lat' dir='ltr'><strong>asperum</strong></span> <span class='ocrx_word' id='word_1_28' title='bbox 899 811 1029 893; x_wconf 85' lang='lat' dir='ltr'><strong>deesse;</strong></span> <span class='ocrx_word' id='word_1_29' title='bbox 1052 817 1128 902; x_wconf 89' lang='lat' dir='ltr'><strong>quia</strong></span> <span class='ocrx_word' id='word_1_30' title='bbox 1149 814 1242 879; x_wconf 84' lang='lat' dir='ltr'><strong>eaden</strong></span> 
     </span>
     <span class='ocr_line' id='line_1_6' title="bbox 151 904 1242 996; baseline 0.006 -24"><span class='ocrx_word' id='word_1_31' title='bbox 151 910 321 996; x_wconf 77' lang='lat' dir='ltr'>inscriptio</span> <span class='ocrx_word' id='word_1_32' title='bbox 343 934 373 972; x_wconf 88' lang='lat' dir='ltr'><strong>v.</strong></span> <span class='ocrx_word' id='word_1_33' title='bbox 398 917 433 975; x_wconf 90' lang='grc'><strong>15</strong></span> <span class='ocrx_word' id='word_1_34' title='bbox 457 905 573 992; x_wconf 84' lang='grc' dir='ltr'>ὅρκον,</span> <span class='ocrx_word' id='word_1_35' title='bbox 602 934 633 977; x_wconf 81' lang='lat' dir='ltr'><strong>v.</strong></span> <span class='ocrx_word' id='word_1_36' title='bbox 659 918 695 978; x_wconf 87' lang='lat'><strong>16</strong></span> <span class='ocrx_word' id='word_1_37' title='bbox 723 904 932 992; x_wconf 79' lang='grc' dir='ltr'>ὃρκωμότας,</span> <span class='ocrx_word' id='word_1_38' title='bbox 957 911 1060 976; x_wconf 89' lang='lat' dir='ltr'><strong>altera</strong></span> <span class='ocrx_word' id='word_1_39' title='bbox 1090 937 1121 977; x_wconf 81' lang='lat' dir='ltr'><strong>v.</strong></span> <span class='ocrx_word' id='word_1_40' title='bbox 1145 919 1196 994; x_wconf 83' lang='grc'><strong>12,</strong></span> <span class='ocrx_word' id='word_1_41' title='bbox 1219 920 1242 981; x_wconf 72' lang='lat' dir='ltr'><strong>li</strong></span> 
     </span>
     <span class='ocr_line' id='line_1_7' title="bbox 152 1003 1242 1098; baseline 0.004 -27"><span class='ocrx_word' id='word_1_42' title='bbox 152 1003 251 1091; x_wconf 79' lang='grc' dir='ltr'>ὅρκος</span> <span class='ocrx_word' id='word_1_43' title='bbox 280 1009 498 1097; x_wconf 78' lang='lat' dir='ltr'><strong>suppeditant.</strong></span> <span class='ocrx_word' id='word_1_44' title='bbox 545 1011 610 1075; x_wconf 91' lang='lat' dir='ltr'><strong>Hic</strong></span> <span class='ocrx_word' id='word_1_45' title='bbox 641 1033 710 1075; x_wconf 91' lang='lat' dir='ltr'><strong>mos</strong></span> <span class='ocrx_word' id='word_1_46' title='bbox 740 1009 903 1074; x_wconf 90' lang='lat' dir='ltr'><strong>scribendi</strong></span> <span class='ocrx_word' id='word_1_47' title='bbox 930 1010 1006 1073; x_wconf 84' lang='lat' dir='ltr'><strong>licet</strong></span> <span class='ocrx_word' id='word_1_48' title='bbox 1032 1012 1242 1098; x_wconf 83' lang='lat' dir='ltr'><strong>infrequentior</strong></span> 
     </span>
     <span class='ocr_line' id='line_1_8' title="bbox 152 1102 1242 1195; baseline 0.004 -24"><span class='ocrx_word' id='word_1_49' title='bbox 152 1108 240 1194; x_wconf 91' lang='lat' dir='ltr'><strong>apud</strong></span> <span class='ocrx_word' id='word_1_50' title='bbox 267 1109 374 1173; x_wconf 91' lang='lat' dir='ltr'><strong>Dores</strong></span> <span class='ocrx_word' id='word_1_51' title='bbox 397 1134 461 1174; x_wconf 92' lang='lat' dir='ltr'><strong>non</strong></span> <span class='ocrx_word' id='word_1_52' title='bbox 494 1120 602 1174; x_wconf 91' lang='lat' dir='ltr'><strong>tamen</strong></span> <span class='ocrx_word' id='word_1_53' title='bbox 631 1110 760 1195; x_wconf 90' lang='lat' dir='ltr'><strong>ignotus</strong></span> <span class='ocrx_word' id='word_1_54' title='bbox 788 1120 846 1191; x_wconf 89' lang='lat' dir='ltr'><strong>est,</strong></span> <span class='ocrx_word' id='word_1_55' title='bbox 869 1111 907 1175; x_wconf 86' lang='lat' dir='ltr'><strong>cf.</strong></span> <span class='ocrx_word' id='word_1_56' title='bbox 929 1102 998 1190; x_wconf 78' lang='grc' dir='ltr'><strong>μετ’</strong></span> <span class='ocrx_word' id='word_1_57' title='bbox 1024 1104 1196 1189; x_wconf 76' lang='grc' dir='ltr'>ὁμονοίας,</span> <span class='ocrx_word' id='word_1_58' title='bbox 1216 1108 1242 1176; x_wconf 77' lang='lat' dir='ltr'><strong>C.</strong></span> 
     </span>
     <span class='ocr_line' id='line_1_9' title="bbox 150 1207 1053 1294; baseline 0.002 -24"><span class='ocrx_word' id='word_1_59' title='bbox 150 1207 175 1272; x_wconf 92' lang='lat'><strong>1.</strong></span> <span class='ocrx_word' id='word_1_60' title='bbox 198 1214 288 1290; x_wconf 82' lang='grc'>2671,</span> <span class='ocrx_word' id='word_1_61' title='bbox 311 1219 343 1272; x_wconf 89' lang='lat' dir='ltr'><strong>et</strong></span> <span class='ocrx_word' id='word_1_62' title='bbox 365 1208 429 1273; x_wconf 90' lang='lat' dir='ltr'><strong>alia</strong></span> <span class='ocrx_word' id='word_1_63' title='bbox 451 1211 558 1273; x_wconf 90' lang='lat' dir='ltr'><strong>minus</strong></span> <span class='ocrx_word' id='word_1_64' title='bbox 580 1217 668 1273; x_wconf 89' lang='lat' dir='ltr'><strong>certa</strong></span> <span class='ocrx_word' id='word_1_65' title='bbox 690 1208 778 1294; x_wconf 90' lang='lat' dir='ltr'><strong>apud</strong></span> <span class='ocrx_word' id='word_1_66' title='bbox 800 1208 877 1273; x_wconf 86' lang='lat' dir='ltr'><strong>Ahr.</strong></span> <span class='ocrx_word' id='word_1_67' title='bbox 901 1209 981 1274; x_wconf 91' lang='lat' dir='ltr'><strong>Dor.</strong></span> <span class='ocrx_word' id='word_1_68' title='bbox 1005 1214 1053 1275; x_wconf 84' lang='grc'><strong>39.</strong></span> 
     </span>
    </p>

    <p class='ocr_par' dir='ltr' id='par_1_4' title="bbox 98 1306 1237 2985">
     <span class='ocr_line' id='line_1_10' title="bbox 236 1306 1237 1394; baseline -0.002 -21"><span class='ocrx_word' id='word_1_69' title='bbox 236 1313 263 1373; x_wconf 89' lang='grc'><strong>3.</strong></span> <span class='ocrx_word' id='word_1_70' title='bbox 304 1307 506 1373; x_wconf 81' lang='lat' dir='ltr'><strong>Secundaria</strong></span> <span class='ocrx_word' id='word_1_71' title='bbox 535 1309 691 1394; x_wconf 90' lang='lat' dir='ltr'><strong>aspiratio</strong></span> <span class='ocrx_word' id='word_1_72' title='bbox 724 1329 788 1394; x_wconf 88' lang='lat' dir='ltr'><strong>qua</strong></span> <span class='ocrx_word' id='word_1_73' title='bbox 819 1308 950 1392; x_wconf 89' lang='lat' dir='ltr'><strong>spiritus</strong></span> <span class='ocrx_word' id='word_1_74' title='bbox 980 1306 1063 1372; x_wconf 90' lang='lat' dir='ltr'><strong>lenis</strong></span> <span class='ocrx_word' id='word_1_75' title='bbox 1091 1307 1127 1370; x_wconf 86' lang='lat' dir='ltr'><strong>fit</strong></span> <span class='ocrx_word' id='word_1_76' title='bbox 1154 1329 1237 1393; x_wconf 80' lang='lat' dir='ltr'><strong>asper,</strong></span> 
     </span>
     <span class='ocr_line' id='line_1_11' title="bbox 151 1396 1233 1494; baseline 0 -24"><span class='ocrx_word' id='word_1_77' title='bbox 151 1396 337 1493; x_wconf 76' lang='lat' dir='ltr'><strong>praecipue</strong></span> <span class='ocrx_word' id='word_1_78' title='bbox 348 1407 389 1471; x_wconf 88' lang='lat' dir='ltr'><strong>ab</strong></span> <span class='ocrx_word' id='word_1_79' title='bbox 404 1406 522 1471; x_wconf 86' lang='lat' dir='ltr'><strong>Atticis</strong></span> <span class='ocrx_word' id='word_1_80' title='bbox 546 1407 707 1488; x_wconf 85' lang='lat' dir='ltr'><strong>affectata,</strong></span> <span class='ocrx_word' id='word_1_81' title='bbox 730 1408 920 1493; x_wconf 85' lang='lat' dir='ltr'><strong>saepissime</strong></span> <span class='ocrx_word' id='word_1_82' title='bbox 934 1408 1032 1471; x_wconf 86' lang='lat' dir='ltr'><strong>etiam</strong></span> <span class='ocrx_word' id='word_1_83' title='bbox 1053 1408 1140 1494; x_wconf 89' lang='lat' dir='ltr'><strong>apud</strong></span> <span class='ocrx_word' id='word_1_84' title='bbox 1155 1407 1233 1471; x_wconf 83' lang='lat' dir='ltr'><strong>Dorea</strong></span> 
     </span>
     <span class='ocr_line' id='line_1_12' title="bbox 151 1496 1232 1591; baseline -0.001 -23"><span class='ocrx_word' id='word_1_85' title='bbox 151 1508 292 1591; x_wconf 84' lang='lat' dir='ltr'><strong>irrepsit.</strong></span> <span class='ocrx_word' id='word_1_86' title='bbox 336 1507 488 1572; x_wconf 86' lang='lat' dir='ltr'><strong>Nonnulli</strong></span> <span class='ocrx_word' id='word_1_87' title='bbox 516 1517 601 1571; x_wconf 88' lang='lat' dir='ltr'><strong>certe</strong></span> <span class='ocrx_word' id='word_1_88' title='bbox 626 1505 833 1573; x_wconf 86' lang='lat' dir='ltr'><strong>Aeolcnsium</strong></span> <span class='ocrx_word' id='word_1_89' title='bbox 857 1496 898 1569; x_wconf 89' lang='lat' dir='ltr'><strong>ab</strong></span> <span class='ocrx_word' id='word_1_90' title='bbox 921 1528 960 1571; x_wconf 88' lang='lat' dir='ltr'><strong>ea</strong></span> <span class='ocrx_word' id='word_1_91' title='bbox 981 1505 1196 1587; x_wconf 81' lang='lat' dir='ltr'><strong>abstinebant,</strong></span> <span class='ocrx_word' id='word_1_92' title='bbox 1213 1513 1232 1568; x_wconf 85' lang='lat' dir='ltr'><strong>et</strong></span> 
     </span>
     <span class='ocr_line' id='line_1_13' title="bbox 151 1603 1230 1691; baseline -0.003 -23"><span class='ocrx_word' id='word_1_93' title='bbox 151 1604 247 1668; x_wconf 90' lang='lat' dir='ltr'><strong>valde</strong></span> <span class='ocrx_word' id='word_1_94' title='bbox 266 1607 413 1691; x_wconf 91' lang='lat' dir='ltr'><strong>suspicor</strong></span> <span class='ocrx_word' id='word_1_95' title='bbox 434 1615 535 1671; x_wconf 89' lang='lat' dir='ltr'><strong>totum</strong></span> <span class='ocrx_word' id='word_1_96' title='bbox 558 1628 659 1690; x_wconf 90' lang='lat' dir='ltr'><strong>genus</strong></span> <span class='ocrx_word' id='word_1_97' title='bbox 682 1605 723 1669; x_wconf 90' lang='lat' dir='ltr'><strong>ab</strong></span> <span class='ocrx_word' id='word_1_98' title='bbox 749 1606 974 1690; x_wconf 89' lang='lat' dir='ltr'><strong>antiquissima</strong></span> <span class='ocrx_word' id='word_1_99' title='bbox 996 1628 1036 1670; x_wconf 89' lang='lat' dir='ltr'><strong>ac</strong></span> <span class='ocrx_word' id='word_1_100' title='bbox 1057 1629 1137 1671; x_wconf 90' lang='lat' dir='ltr'><strong>vera</strong></span> <span class='ocrx_word' id='word_1_101' title='bbox 1152 1603 1230 1669; x_wconf 89' lang='lat' dir='ltr'><strong>indole</strong></span> 
     </span>
     <span class='ocr_line' id='line_1_14' title="bbox 151 1703 1229 1788; baseline -0.003 -21"><span class='ocrx_word' id='word_1_102' title='bbox 151 1704 293 1768; x_wconf 82' lang='lat' dir='ltr'><strong>Doricae</strong></span> <span class='ocrx_word' id='word_1_103' title='bbox 316 1705 446 1769; x_wconf 87' lang='lat' dir='ltr'><strong>dialecti</strong></span> <span class='ocrx_word' id='word_1_104' title='bbox 468 1705 608 1769; x_wconf 91' lang='lat' dir='ltr'><strong>alienum</strong></span> <span class='ocrx_word' id='word_1_105' title='bbox 628 1704 737 1768; x_wconf 86' lang='lat' dir='ltr'><strong>fuisse.</strong></span> <span class='ocrx_word' id='word_1_106' title='bbox 770 1704 822 1766; x_wconf 92' lang='lat' dir='ltr'><strong>De</strong></span> <span class='ocrx_word' id='word_1_107' title='bbox 838 1704 974 1788; x_wconf 88' lang='lat' dir='ltr'><strong>singulis</strong></span> <span class='ocrx_word' id='word_1_108' title='bbox 997 1715 1106 1770; x_wconf 90' lang='lat' dir='ltr'><strong>autem</strong></span> <span class='ocrx_word' id='word_1_109' title='bbox 1128 1703 1229 1769; x_wconf 90' lang='lat' dir='ltr'><strong>vecibu</strong></span> 
     </span>
     <span class='ocr_line' id='line_1_15' title="bbox 151 1803 1230 1892; baseline -0.003 -25"><span class='ocrx_word' id='word_1_110' title='bbox 151 1815 284 1890; x_wconf 89' lang='lat' dir='ltr'><strong>propter</strong></span> <span class='ocrx_word' id='word_1_111' title='bbox 306 1807 502 1892; x_wconf 80' lang='lat' dir='ltr'><strong>paucitatem</strong></span> <span class='ocrx_word' id='word_1_112' title='bbox 532 1803 756 1889; x_wconf 88' lang='lat' dir='ltr'><strong>exemplorum</strong></span> <span class='ocrx_word' id='word_1_113' title='bbox 782 1807 816 1866; x_wconf 93' lang='lat' dir='ltr'><strong>in</strong></span> <span class='ocrx_word' id='word_1_114' title='bbox 843 1803 1075 1868; x_wconf 88' lang='lat' dir='ltr'><strong>vetustioribus</strong></span> <span class='ocrx_word' id='word_1_115' title='bbox 1101 1803 1191 1867; x_wconf 88' lang='lat' dir='ltr'><strong>titulis</strong></span> <span class='ocrx_word' id='word_1_116' title='bbox 1206 1821 1230 1864; x_wconf 78' lang='lat' dir='ltr'><strong>aa</strong></span> 
     </span>
     <span class='ocr_line' id='line_1_16' title="bbox 150 1903 1227 1992; baseline 0 -26"><span class='ocrx_word' id='word_1_117' title='bbox 150 1904 248 1992; x_wconf 90' lang='lat' dir='ltr'><strong>fidem</strong></span> <span class='ocrx_word' id='word_1_118' title='bbox 269 1906 484 1969; x_wconf 88' lang='lat' dir='ltr'><strong>recentiorum</strong></span> <span class='ocrx_word' id='word_1_119' title='bbox 506 1925 623 1990; x_wconf 88' lang='lat' dir='ltr'><strong>parurn</strong></span> <span class='ocrx_word' id='word_1_120' title='bbox 638 1913 759 1966; x_wconf 83' lang='lat' dir='ltr'><strong>certam</strong></span> <span class='ocrx_word' id='word_1_121' title='bbox 781 1904 893 1989; x_wconf 91' lang='lat' dir='ltr'><strong>(quum</strong></span> <span class='ocrx_word' id='word_1_122' title='bbox 907 1905 1065 1990; x_wconf 89' lang='lat' dir='ltr'><strong>perpauci</strong></span> <span class='ocrx_word' id='word_1_123' title='bbox 1081 1903 1227 1988; x_wconf 81' lang='lat' dir='ltr'><strong>corruptio</strong></span> 
     </span>
     <span class='ocr_line' id='line_1_17' title="bbox 150 2001 1228 2091; baseline -0.003 -25"><span class='ocrx_word' id='word_1_124' title='bbox 150 2003 201 2067; x_wconf 94' lang='lat' dir='ltr'><strong>nis</strong></span> <span class='ocrx_word' id='word_1_125' title='bbox 229 2005 411 2091; x_wconf 90' lang='lat' dir='ltr'><strong>suspicione</strong></span> <span class='ocrx_word' id='word_1_126' title='bbox 439 2012 587 2085; x_wconf 86' lang='lat' dir='ltr'><strong>careant,</strong></span> <span class='ocrx_word' id='word_1_127' title='bbox 614 2025 674 2066; x_wconf 91' lang='lat' dir='ltr'><strong>ncc</strong></span> <span class='ocrx_word' id='word_1_128' title='bbox 701 2023 798 2087; x_wconf 87' lang='lat' dir='ltr'><strong>saepe</strong></span> <span class='ocrx_word' id='word_1_129' title='bbox 823 2001 910 2065; x_wconf 85' lang='lat' dir='ltr'><strong>tituli</strong></span> <span class='ocrx_word' id='word_1_130' title='bbox 938 2001 1050 2066; x_wconf 89' lang='lat' dir='ltr'><strong>Ionica</strong></span> <span class='ocrx_word' id='word_1_131' title='bbox 1080 2003 1228 2066; x_wconf 79' lang='lat' dir='ltr'><strong>litterature</strong></span> 
     </span>
     <span class='ocr_line' id='line_1_18' title="bbox 152 2100 1229 2190; baseline -0.005 -23"><span class='ocrx_word' id='word_1_132' title='bbox 152 2103 265 2188; x_wconf 87' lang='lat' dir='ltr'><strong>scripti</strong></span> <span class='ocrx_word' id='word_1_133' title='bbox 287 2105 414 2190; x_wconf 89' lang='lat' dir='ltr'><strong>possint</strong></span> <span class='ocrx_word' id='word_1_134' title='bbox 435 2103 651 2167; x_wconf 90' lang='lat' dir='ltr'><strong>testimonium</strong></span> <span class='ocrx_word' id='word_1_135' title='bbox 666 2100 706 2165; x_wconf 92' lang='lat' dir='ltr'><strong>de</strong></span> <span class='ocrx_word' id='word_1_136' title='bbox 724 2101 841 2186; x_wconf 82' lang='lat' dir='ltr'><strong>spiritu</strong></span> <span class='ocrx_word' id='word_1_137' title='bbox 862 2101 952 2181; x_wconf 84' lang='lat' dir='ltr'><strong>dare)</strong></span> <span class='ocrx_word' id='word_1_138' title='bbox 975 2101 1229 2184; x_wconf 80' lang='lat' dir='ltr'><strong>difficillimumeat</strong></span> 
     </span>
     <span class='ocr_line' id='line_1_19' title="bbox 152 2198 1229 2290; baseline -0.006 -24"><span class='ocrx_word' id='word_1_139' title='bbox 152 2203 328 2290; x_wconf 87' lang='lat' dir='ltr'><strong>quidquam</strong></span> <span class='ocrx_word' id='word_1_140' title='bbox 356 2226 416 2288; x_wconf 90' lang='lat' dir='ltr'><strong>pro</strong></span> <span class='ocrx_word' id='word_1_141' title='bbox 448 2211 535 2266; x_wconf 89' lang='lat' dir='ltr'><strong>certo</strong></span> <span class='ocrx_word' id='word_1_142' title='bbox 563 2209 713 2265; x_wconf 87' lang='lat' dir='ltr'><strong>statuere.</strong></span> <span class='ocrx_word' id='word_1_143' title='bbox 768 2199 928 2264; x_wconf 91' lang='lat' dir='ltr'><strong>Videntur</strong></span> <span class='ocrx_word' id='word_1_144' title='bbox 956 2211 1064 2266; x_wconf 90' lang='lat' dir='ltr'><strong>tamen</strong></span> <span class='ocrx_word' id='word_1_145' title='bbox 1093 2198 1229 2265; x_wconf 85' lang='lat' dir='ltr'><strong>Doresie</strong></span> 
     </span>
     <span class='ocr_line' id='line_1_20' title="bbox 152 2289 1229 2383; baseline -0.005 -18"><span class='ocrx_word' id='word_1_146' title='bbox 152 2301 215 2382; x_wconf 91' lang='lat' dir='ltr'><strong>adj.</strong></span> <span class='ocrx_word' id='word_1_147' title='bbox 246 2294 341 2382; x_wconf 74' lang='grc' dir='ltr'>λαρός</span> <span class='ocrx_word' id='word_1_148' title='bbox 373 2301 516 2376; x_wconf 88' lang='lat' dir='ltr'><strong>(Sanscr.</strong></span> <span class='ocrx_word' id='word_1_149' title='bbox 545 2300 686 2382; x_wconf 58' lang='lat' dir='ltr'><strong>maurae,</strong></span> <span class='ocrx_word' id='word_1_150' title='bbox 718 2299 809 2365; x_wconf 88' lang='lat' dir='ltr'><strong>Aeol.</strong></span> <span class='ocrx_word' id='word_1_151' title='bbox 837 2300 891 2366; x_wconf 86' lang='lat' dir='ltr'><strong>As.</strong></span> <span class='ocrx_word' id='word_1_152' title='bbox 913 2289 1003 2383; x_wconf 83' lang='grc' dir='ltr'>ἶρος,</span> <span class='ocrx_word' id='word_1_153' title='bbox 1039 2301 1090 2366; x_wconf 85' lang='grc' dir='ltr'><strong>ΕΙ.</strong></span> <span class='ocrx_word' id='word_1_154' title='bbox 1114 2293 1229 2381; x_wconf 65' lang='lat' dir='ltr'><strong>darioque)</strong></span> 
     </span>
     <span class='ocr_line' id='line_1_21' title="bbox 152 2399 1228 2486; baseline -0.002 -22"><span class='ocrx_word' id='word_1_155' title='bbox 152 2401 384 2485; x_wconf 89' lang='lat' dir='ltr'><strong>aspirationem</strong></span> <span class='ocrx_word' id='word_1_156' title='bbox 406 2400 595 2486; x_wconf 89' lang='lat' dir='ltr'><strong>plerumque</strong></span> <span class='ocrx_word' id='word_1_157' title='bbox 615 2400 796 2483; x_wconf 86' lang='lat' dir='ltr'><strong>admisisse,</strong></span> <span class='ocrx_word' id='word_1_158' title='bbox 817 2422 892 2464; x_wconf 89' lang='lat' dir='ltr'><strong>nam</strong></span> <span class='ocrx_word' id='word_1_159' title='bbox 914 2399 990 2464; x_wconf 88' lang='lat' dir='ltr'><strong>licet</strong></span> <span class='ocrx_word' id='word_1_160' title='bbox 1007 2402 1049 2464; x_wconf 85' lang='lat' dir='ltr'><strong>sit</strong></span> <span class='ocrx_word' id='word_1_161' title='bbox 1065 2405 1100 2465; x_wconf 93' lang='lat' dir='ltr'><strong>in</strong></span> <span class='ocrx_word' id='word_1_162' title='bbox 1115 2401 1228 2464; x_wconf 70' lang='lat' dir='ltr'><strong>Theraeo</strong></span> 
     </span>
     <span class='ocr_line' id='line_1_22' title="bbox 151 2491 1229 2586; baseline 0.001 -24"><span class='ocrx_word' id='word_1_163' title='bbox 151 2509 357 2564; x_wconf 90' lang='lat' dir='ltr'><strong>monumento</strong></span> <span class='ocrx_word' id='word_1_164' title='bbox 394 2501 617 2586; x_wconf 90' lang='lat' dir='ltr'><strong>antiquissimo</strong></span> <span class='ocrx_word' id='word_1_165' title='bbox 657 2503 778 2564; x_wconf 80' lang='lat' dir='ltr'><strong>nomen‘</strong></span> <span class='ocrx_word' id='word_1_166' title='bbox 807 2491 937 2583; x_wconf 78' lang='grc' dir='ltr'>Ἰοὶρων,</span> <span class='ocrx_word' id='word_1_167' title='bbox 978 2496 1100 2565; x_wconf 81' lang='lat' dir='ltr'><strong>Franz.</strong></span> <span class='ocrx_word' id='word_1_168' title='bbox 1140 2498 1173 2564; x_wconf 88' lang='lat' dir='ltr'><strong>el.</strong></span> <span class='ocrx_word' id='word_1_169' title='bbox 1198 2514 1229 2581; x_wconf 74' lang='lat' dir='ltr'><strong>ep·</strong></span> 
     </span>
     <span class='ocr_line' id='line_1_23' title="bbox 151 2596 1229 2686; baseline -0.001 -23"><span class='ocrx_word' id='word_1_170' title='bbox 151 2621 227 2686; x_wconf 86' lang='lat' dir='ltr'><strong>pag.</strong></span> <span class='ocrx_word' id='word_1_171' title='bbox 249 2605 297 2680; x_wconf 81' lang='lat'><strong>55,</strong></span> <span class='ocrx_word' id='word_1_172' title='bbox 319 2599 468 2686; x_wconf 88' lang='lat' dir='ltr'><strong>idemque</strong></span> <span class='ocrx_word' id='word_1_173' title='bbox 489 2603 522 2663; x_wconf 92' lang='lat' dir='ltr'><strong>in</strong></span> <span class='ocrx_word' id='word_1_174' title='bbox 546 2598 736 2664; x_wconf 88' lang='lat' dir='ltr'><strong>didrachmo</strong></span> <span class='ocrx_word' id='word_1_175' title='bbox 759 2599 982 2683; x_wconf 79' lang='lat' dir='ltr'><strong>Crotoniensi,</strong></span> <span class='ocrx_word' id='word_1_176' title='bbox 1004 2600 1086 2664; x_wconf 91' lang='lat' dir='ltr'><strong>Ahr.</strong></span> <span class='ocrx_word' id='word_1_177' title='bbox 1110 2600 1182 2664; x_wconf 89' lang='lat' dir='ltr'><strong>Dor.</strong></span> <span class='ocrx_word' id='word_1_178' title='bbox 1200 2596 1229 2671; x_wconf 74' lang='lat' dir='ltr'><strong>ll,</strong></span> 
     </span>
     <span class='ocr_line' id='line_1_24' title="bbox 149 2697 1226 2785; baseline -0.005 -22"><span class='ocrx_word' id='word_1_179' title='bbox 149 2708 258 2763; x_wconf 85' lang='lat' dir='ltr'><strong>tamen</strong></span> <span class='ocrx_word' id='word_1_180' title='bbox 280 2698 344 2763; x_wconf 95' lang='lat' dir='ltr'><strong>duo</strong></span> <span class='ocrx_word' id='word_1_181' title='bbox 364 2708 490 2768; x_wconf 88' lang='lat' dir='ltr'><strong>veteres</strong></span> <span class='ocrx_word' id='word_1_182' title='bbox 512 2697 596 2761; x_wconf 90' lang='lat' dir='ltr'><strong>tituli</strong></span> <span class='ocrx_word' id='word_1_183' title='bbox 626 2699 858 2781; x_wconf 88' lang='lat' dir='ltr'><strong>adversantur,</strong></span> <span class='ocrx_word' id='word_1_184' title='bbox 888 2700 983 2785; x_wconf 83' lang='lat' dir='ltr'><strong>galea</strong></span> <span class='ocrx_word' id='word_1_185' title='bbox 1004 2700 1156 2764; x_wconf 88' lang='lat' dir='ltr'><strong>Hieronis</strong></span> <span class='ocrx_word' id='word_1_186' title='bbox 1175 2709 1226 2782; x_wconf 72' lang='lat' dir='ltr'><strong>que</strong></span> 
     </span>
     <span class='ocr_line' id='line_1_25' title="bbox 98 2791 1228 2884; baseline 0.001 -23"><span class='ocrx_word' id='word_1_187' title='bbox 98 2837 102 2846; x_wconf 94' lang='lat'>-</span> <span class='ocrx_word' id='word_1_188' title='bbox 150 2798 249 2863; x_wconf 85' lang='lat' dir='ltr'><strong>habet</strong></span> <span class='ocrx_word' id='word_1_189' title='bbox 267 2791 399 2881; x_wconf 81' lang='grc' dir='ltr'>Ἶάρων,</span> <span class='ocrx_word' id='word_1_190' title='bbox 428 2807 460 2861; x_wconf 92' lang='lat' dir='ltr'><strong>et</strong></span> <span class='ocrx_word' id='word_1_191' title='bbox 491 2800 606 2883; x_wconf 87' lang='lat' dir='ltr'><strong>cippus</strong></span> <span class='ocrx_word' id='word_1_192' title='bbox 630 2798 834 2884; x_wconf 80' lang='lat' dir='ltr'><strong>Corcyraeus</strong></span> <span class='ocrx_word' id='word_1_193' title='bbox 867 2798 1055 2882; x_wconf 72' lang='lat' dir='ltr'><strong>(Ka&#39;rclrltoff,</strong></span> <span class='ocrx_word' id='word_1_194' title='bbox 1084 2795 1228 2862; x_wconf 64' lang='lat' dir='ltr'><strong>Studien</strong></span> 
     </span>
     <span class='ocr_line' id='line_1_26' title="bbox 151 2895 1229 2985; baseline -0.004 -25"><span class='ocrx_word' id='word_1_195' title='bbox 151 2897 187 2962; x_wconf 72' lang='lat' dir='ltr'><strong>G.</strong></span> <span class='ocrx_word' id='word_1_196' title='bbox 210 2895 241 2960; x_wconf 84' lang='lat' dir='ltr'><strong>ol.</strong></span> <span class='ocrx_word' id='word_1_197' title='bbox 262 2897 316 2963; x_wconf 76' lang='lat' dir='ltr'><strong>Gr.</strong></span> <span class='ocrx_word' id='word_1_198' title='bbox 338 2897 433 2982; x_wconf 76' lang='lat' dir='ltr'><strong>Atpt.</strong></span> <span class='ocrx_word' id='word_1_199' title='bbox 461 2898 509 2961; x_wconf 90' lang='lat' dir='ltr'><strong>ed.</strong></span> <span class='ocrx_word' id='word_1_200' title='bbox 538 2903 572 2979; x_wconf 84' lang='lat'><strong>2,</strong></span> <span class='ocrx_word' id='word_1_201' title='bbox 600 2919 675 2983; x_wconf 86' lang='lat' dir='ltr'><strong>pag.</strong></span> <span class='ocrx_word' id='word_1_202' title='bbox 702 2904 741 2966; x_wconf 84' lang='lat'><strong>80</strong></span> <span class='ocrx_word' id='word_1_203' title='bbox 769 2900 801 2961; x_wconf 97' lang='lat' dir='ltr'><strong>in</strong></span> <span class='ocrx_word' id='word_1_204' title='bbox 830 2899 894 2985; x_wconf 82' lang='lat' dir='ltr'><strong>imp</strong></span> <span class='ocrx_word' id='word_1_205' title='bbox 923 2921 1044 2982; x_wconf 76' lang='lat' dir='ltr'><strong>marg,</strong></span> <span class='ocrx_word' id='word_1_206' title='bbox 1077 2898 1229 2981; x_wconf 75' lang='lat' dir='ltr'><strong>Bergmanfl</strong></span> 
     </span>
    </p>
   </div>
   <div class='ocr_carea' id='block_1_3' title="bbox 151 2989 1229 3084">
    <p class='ocr_par' dir='ltr' id='par_1_5' title="bbox 151 2989 1229 3084">
     <span class='ocr_line' id='line_1_27' title="bbox 151 2989 1229 3084; baseline -0.006 -24"><span class='ocrx_word' id='word_1_207' title='bbox 151 2997 289 3061; x_wconf 90' lang='lat' dir='ltr'><strong>Hermes</strong></span> <span class='ocrx_word' id='word_1_208' title='bbox 311 2998 344 3062; x_wconf 94' lang='grc' dir='ltr'><strong>ΙΙ</strong></span> <span class='ocrx_word' id='word_1_209' title='bbox 365 3019 441 3084; x_wconf 85' lang='lat' dir='ltr'><strong>pag.</strong></span> <span class='ocrx_word' id='word_1_210' title='bbox 463 3000 533 3072; x_wconf 78' lang='lat'>139)</span> <span class='ocrx_word' id='word_1_211' title='bbox 553 2998 604 3060; x_wconf 94' lang='lat' dir='ltr'><strong>cui</strong></span> <span class='ocrx_word' id='word_1_212' title='bbox 625 2995 823 3083; x_wconf 89' lang='lat' dir='ltr'><strong>insculptum</strong></span> <span class='ocrx_word' id='word_1_213' title='bbox 842 3007 891 3062; x_wconf 91' lang='lat' dir='ltr'><strong>est</strong></span> <span class='ocrx_word' id='word_1_214' title='bbox 913 2991 1021 3079; x_wconf 68' lang='grc' dir='ltr'>ὅρΕος</span> <span class='ocrx_word' id='word_1_215' title='bbox 1042 2989 1145 3078; x_wconf 76' lang='grc' dir='ltr'>λαρός,</span> <span class='ocrx_word' id='word_1_216' title='bbox 1166 3008 1229 3081; x_wconf 78' lang='lat' dir='ltr'><strong>prae</strong></span> 
     </span>
    </p>
   </div>
   <div class='ocr_carea' id='block_1_4' title="bbox 148 3236 1230 4075">
    <p class='ocr_par' dir='ltr' id='par_1_6' title="bbox 148 3236 1230 4075">
     <span class='ocr_line' id='line_1_28' title="bbox 152 3236 1229 3320; baseline -0.002 -21"><span class='ocrx_word' id='word_1_217' title='bbox 152 3246 232 3316; x_wconf 72' lang='grc' dir='ltr'>εἶρος,</span> <span class='ocrx_word' id='word_1_218' title='bbox 249 3244 322 3318; x_wconf 80' lang='grc' dir='ltr'>ὅρος,</span> <span class='ocrx_word' id='word_1_219' title='bbox 344 3251 417 3318; x_wconf 78' lang='grc' dir='ltr'>εἴρω,</span> <span class='ocrx_word' id='word_1_220' title='bbox 436 3252 531 3317; x_wconf 76' lang='grc' dir='ltr'>εἴρηκα</span> <span class='ocrx_word' id='word_1_221' title='bbox 550 3238 620 3313; x_wconf 69' lang='grc' dir='ltr'>(ῑοᾶζ</span> <span class='ocrx_word' id='word_1_222' title='bbox 632 3247 709 3317; x_wconf 72' lang='lat' dir='ltr'><strong>sep),</strong></span> <span class='ocrx_word' id='word_1_223' title='bbox 728 3247 806 3316; x_wconf 74' lang='grc' dir='ltr'>ἕρρω,</span> <span class='ocrx_word' id='word_1_224' title='bbox 824 3246 904 3318; x_wconf 71' lang='lat' dir='ltr'><strong>epta,</strong></span> <span class='ocrx_word' id='word_1_225' title='bbox 923 3245 1025 3320; x_wconf 81' lang='grc' dir='ltr'>ὄρονος</span> <span class='ocrx_word' id='word_1_226' title='bbox 1040 3248 1148 3317; x_wconf 83' lang='lat' dir='ltr'><strong>(Aeol),</strong></span> <span class='ocrx_word' id='word_1_227' title='bbox 1164 3236 1229 3313; x_wconf 67' lang='lat' dir='ltr'><strong>aaa</strong></span> 
     </span>
     <span class='ocr_line' id='line_1_29' title="bbox 150 3322 1230 3401; baseline 0 -19"><span class='ocrx_word' id='word_1_228' title='bbox 150 3322 241 3383; x_wconf 85' lang='lat' dir='ltr'><strong>Etiam</strong></span> <span class='ocrx_word' id='word_1_229' title='bbox 260 3330 381 3400; x_wconf 81' lang='lat' dir='ltr'><strong>eJ&#39;usdem</strong></span> <span class='ocrx_word' id='word_1_230' title='bbox 400 3331 500 3384; x_wconf 88' lang='lat' dir='ltr'><strong>radicis</strong></span> <span class='ocrx_word' id='word_1_231' title='bbox 517 3329 622 3383; x_wconf 90' lang='lat' dir='ltr'><strong>formae</strong></span> <span class='ocrx_word' id='word_1_232' title='bbox 641 3329 753 3383; x_wconf 81' lang='lat' dir='ltr'><strong>interae</strong></span> <span class='ocrx_word' id='word_1_233' title='bbox 765 3330 936 3401; x_wconf 85' lang='lat' dir='ltr'><strong>discrepant:</strong></span> <span class='ocrx_word' id='word_1_234' title='bbox 954 3331 1041 3386; x_wconf 86' lang='lat' dir='ltr'><strong>arad.</strong></span> <span class='ocrx_word' id='word_1_235' title='bbox 1053 3331 1116 3384; x_wconf 76' lang='lat' dir='ltr'><strong>fat</strong></span> <span class='ocrx_word' id='word_1_236' title='bbox 1133 3326 1230 3399; x_wconf 75' lang='lat' dir='ltr'><strong>(volun</strong></span> 
     </span>
     <span class='ocr_line' id='line_1_30' title="bbox 151 3404 1229 3489; baseline -0.004 -22"><span class='ocrx_word' id='word_1_237' title='bbox 151 3413 227 3468; x_wconf 80' lang='lat' dir='ltr'><strong>Cart.</strong></span> <span class='ocrx_word' id='word_1_238' title='bbox 251 3415 343 3485; x_wconf 85' lang='lat' dir='ltr'><strong>Etym.</strong></span> <span class='ocrx_word' id='word_1_239' title='bbox 366 3417 425 3483; x_wconf 88' lang='grc'>334)</span> <span class='ocrx_word' id='word_1_240' title='bbox 453 3419 495 3468; x_wconf 84' lang='lat' dir='ltr'><strong>est</strong></span> <span class='ocrx_word' id='word_1_241' title='bbox 519 3415 577 3469; x_wconf 75' lang='lat' dir='ltr'><strong>Ata.</strong></span> <span class='ocrx_word' id='word_1_242' title='bbox 608 3413 678 3471; x_wconf 81' lang='grc' dir='ltr'>ἑλύω</span> <span class='ocrx_word' id='word_1_243' title='bbox 708 3415 752 3467; x_wconf 86' lang='lat' dir='ltr'><strong>vel</strong></span> <span class='ocrx_word' id='word_1_244' title='bbox 783 3415 876 3478; x_wconf 74' lang='grc' dir='ltr'>εῖλύω,</span> <span class='ocrx_word' id='word_1_245' title='bbox 902 3415 972 3486; x_wconf 89' lang='lat' dir='ltr'><strong>epie.</strong></span> <span class='ocrx_word' id='word_1_246' title='bbox 1004 3415 1077 3471; x_wconf 69' lang='grc' dir='ltr'><strong>ἒλύω</strong></span> <span class='ocrx_word' id='word_1_247' title='bbox 1099 3415 1143 3489; x_wconf 84' lang='lat' dir='ltr'><strong>vel</strong></span> <span class='ocrx_word' id='word_1_248' title='bbox 1164 3404 1229 3466; x_wconf 64' lang='lat' dir='ltr'><strong>illia</strong></span> 
     </span>
     <span class='ocr_line' id='line_1_31' title="bbox 151 3485 1229 3572; baseline -0.003 -20"><span class='ocrx_word' id='word_1_249' title='bbox 151 3499 264 3564; x_wconf 76' lang='grc' dir='ltr'>ἑλίσσω,</span> <span class='ocrx_word' id='word_1_250' title='bbox 284 3498 353 3567; x_wconf 74' lang='grc' dir='ltr'>ἕλιξ,</span> <span class='ocrx_word' id='word_1_251' title='bbox 377 3501 492 3571; x_wconf 79' lang='grc' dir='ltr'>εἴλυμα,</span> <span class='ocrx_word' id='word_1_252' title='bbox 517 3499 643 3568; x_wconf 77' lang='grc' dir='ltr'>ἔλυτρον,</span> <span class='ocrx_word' id='word_1_253' title='bbox 662 3498 821 3570; x_wconf 81' lang='grc' dir='ltr'>ὁλοίῐροχος</span> <span class='ocrx_word' id='word_1_254' title='bbox 838 3497 934 3568; x_wconf 61' lang='lat' dir='ltr'><strong>(Ati),</strong></span> <span class='ocrx_word' id='word_1_255' title='bbox 959 3500 1136 3572; x_wconf 74' lang='grc' dir='ltr'>ὀλοοίτροχος</span> <span class='ocrx_word' id='word_1_256' title='bbox 1156 3485 1229 3564; x_wconf 71' lang='lat' dir='ltr'><strong>(cpio-l</strong></span> 
     </span>
     <span class='ocr_line' id='line_1_32' title="bbox 150 3579 1229 3654; baseline -0.001 -19"><span class='ocrx_word' id='word_1_257' title='bbox 150 3580 243 3654; x_wconf 82' lang='grc' dir='ltr'>ὅλμος,</span> <span class='ocrx_word' id='word_1_258' title='bbox 258 3583 337 3650; x_wconf 64' lang='lat' dir='ltr'><strong>elidar,</strong></span> <span class='ocrx_word' id='word_1_259' title='bbox 350 3583 474 3654; x_wconf 72' lang='grc' dir='ltr'>ἄλευρον,</span> <span class='ocrx_word' id='word_1_260' title='bbox 492 3586 553 3646; x_wconf 69' lang='lat' dir='ltr'><strong>etc,</strong></span> <span class='ocrx_word' id='word_1_261' title='bbox 572 3581 652 3648; x_wconf 81' lang='grc' dir='ltr'>ἅλως,</span> <span class='ocrx_word' id='word_1_262' title='bbox 663 3579 747 3647; x_wconf 77' lang='grc' dir='ltr'>ἀλωή,</span> <span class='ocrx_word' id='word_1_263' title='bbox 761 3581 862 3637; x_wconf 70' lang='lat' dir='ltr'><strong>altorio).</strong></span> <span class='ocrx_word' id='word_1_264' title='bbox 880 3583 906 3635; x_wconf 83' lang='lat' dir='ltr'>A</span> <span class='ocrx_word' id='word_1_265' title='bbox 915 3583 972 3638; x_wconf 86' lang='lat' dir='ltr'><strong>rad.</strong></span> <span class='ocrx_word' id='word_1_266' title='bbox 985 3583 1016 3635; x_wconf 75' lang='lat' dir='ltr'><em>F</em></span> <span class='ocrx_word' id='word_1_267' title='bbox 1013 3588 1047 3636; x_wconf 88' lang='grc' dir='ltr'><strong>αλ</strong></span> <span class='ocrx_word' id='word_1_268' title='bbox 1061 3579 1229 3652; x_wconf 65' lang='lat' dir='ltr'><strong>(complimtflv</strong></span> 
     </span>
     <span class='ocr_line' id='line_1_33' title="bbox 150 3652 1228 3739; baseline -0.002 -22"><span class='ocrx_word' id='word_1_269' title='bbox 150 3662 225 3719; x_wconf 74' lang='lat' dir='ltr'><strong>Curi.</strong></span> <span class='ocrx_word' id='word_1_270' title='bbox 239 3668 298 3730; x_wconf 83' lang='lat'>502)</span> <span class='ocrx_word' id='word_1_271' title='bbox 316 3665 381 3719; x_wconf 75' lang='lat' dir='ltr'><strong>etta</strong></span> <span class='ocrx_word' id='word_1_272' title='bbox 395 3667 477 3734; x_wconf 77' lang='lat' dir='ltr'><strong>(Aet.)</strong></span> <span class='ocrx_word' id='word_1_273' title='bbox 496 3666 546 3719; x_wconf 80' lang='lat' dir='ltr'><strong>sed</strong></span> <span class='ocrx_word' id='word_1_274' title='bbox 562 3666 627 3719; x_wconf 79' lang='grc' dir='ltr'>ἆλία</span> <span class='ocrx_word' id='word_1_275' title='bbox 637 3665 780 3734; x_wconf 86' lang='lat' dir='ltr'><strong>(Heracl.)‚</strong></span> <span class='ocrx_word' id='word_1_276' title='bbox 800 3671 865 3733; x_wconf 85' lang='grc' dir='ltr'>εἴλη,</span> <span class='ocrx_word' id='word_1_277' title='bbox 881 3670 954 3730; x_wconf 71' lang='lat' dir='ltr'><strong>atto,</strong></span> <span class='ocrx_word' id='word_1_278' title='bbox 968 3668 1055 3739; x_wconf 81' lang='grc' dir='ltr'>ελλαρ.</span> <span class='ocrx_word' id='word_1_279' title='bbox 1073 3671 1099 3721; x_wconf 87' lang='grc' dir='ltr'>Α</span> <span class='ocrx_word' id='word_1_280' title='bbox 1113 3665 1166 3720; x_wconf 84' lang='lat' dir='ltr'><strong>rad.</strong></span> <span class='ocrx_word' id='word_1_281' title='bbox 1177 3652 1228 3715; x_wconf 66' lang='lat' dir='ltr'><strong>effi</strong></span> 
     </span>
     <span class='ocr_line' id='line_1_34' title="bbox 151 3743 1228 3820; baseline 0.005 -19"><span class='ocrx_word' id='word_1_282' title='bbox 151 3749 291 3817; x_wconf 77' lang='lat' dir='ltr'><strong>(condere)</strong></span> <span class='ocrx_word' id='word_1_283' title='bbox 314 3749 381 3803; x_wconf 75' lang='grc' dir='ltr'><strong>ἀλέα</strong></span> <span class='ocrx_word' id='word_1_284' title='bbox 404 3749 468 3820; x_wconf 88' lang='lat' dir='ltr'><strong>(ep.)</strong></span> <span class='ocrx_word' id='word_1_285' title='bbox 501 3750 549 3803; x_wconf 88' lang='lat' dir='ltr'><strong>sed</strong></span> <span class='ocrx_word' id='word_1_286' title='bbox 577 3749 643 3803; x_wconf 80' lang='grc' dir='ltr'>ἀλέα</span> <span class='ocrx_word' id='word_1_287' title='bbox 666 3751 756 3816; x_wconf 71' lang='lat' dir='ltr'><strong>(Ata),</strong></span> <span class='ocrx_word' id='word_1_288' title='bbox 777 3749 834 3815; x_wconf 70' lang='grc' dir='ltr'><strong>ἕλη,</strong></span> <span class='ocrx_word' id='word_1_289' title='bbox 854 3754 922 3816; x_wconf 63' lang='lat' dir='ltr'><strong>rata,</strong></span> <span class='ocrx_word' id='word_1_290' title='bbox 942 3752 1034 3817; x_wconf 74' lang='grc' dir='ltr'><strong>ἑλάνη.</strong></span> <span class='ocrx_word' id='word_1_291' title='bbox 1063 3754 1089 3804; x_wconf 88' lang='grc' dir='ltr'>Α</span> <span class='ocrx_word' id='word_1_292' title='bbox 1107 3743 1228 3806; x_wconf 56' lang='lat' dir='ltr'><strong>tautae</strong></span> 
     </span>
     <span class='ocr_line' id='line_1_35' title="bbox 151 3819 1227 3906; baseline 0.002 -21"><span class='ocrx_word' id='word_1_293' title='bbox 151 3833 299 3902; x_wconf 81' lang='lat' dir='ltr'><strong>(laborare)</strong></span> <span class='ocrx_word' id='word_1_294' title='bbox 323 3833 405 3905; x_wconf 80' lang='grc' dir='ltr'>ἔργον</span> <span class='ocrx_word' id='word_1_295' title='bbox 420 3839 485 3902; x_wconf 80' lang='lat' dir='ltr'><strong>etc,</strong></span> <span class='ocrx_word' id='word_1_296' title='bbox 508 3833 557 3887; x_wconf 86' lang='lat' dir='ltr'><strong>sed</strong></span> <span class='ocrx_word' id='word_1_297' title='bbox 574 3833 662 3906; x_wconf 76' lang='grc' dir='ltr'>ἕργμα</span> <span class='ocrx_word' id='word_1_298' title='bbox 680 3833 865 3888; x_wconf 88' lang='lat' dir='ltr'><strong>Pindaricum.</strong></span> <span class='ocrx_word' id='word_1_299' title='bbox 894 3835 922 3888; x_wconf 90' lang='lat' dir='ltr'>A</span> <span class='ocrx_word' id='word_1_300' title='bbox 939 3834 997 3892; x_wconf 90' lang='lat' dir='ltr'><strong>rad.</strong></span> <span class='ocrx_word' id='word_1_301' title='bbox 1021 3836 1097 3904; x_wconf 74' lang='grc' dir='ltr'>Ρεργ</span> <span class='ocrx_word' id='word_1_302' title='bbox 1115 3819 1227 3904; x_wconf 59' lang='lat' dir='ltr'><strong>(premere)</strong></span> 
     </span>
     <span class='ocr_line' id='line_1_36' title="bbox 150 3902 1227 3990; baseline -0.001 -19"><span class='ocrx_word' id='word_1_303' title='bbox 150 3917 229 3988; x_wconf 77' lang='grc' dir='ltr'>ἔργω,</span> <span class='ocrx_word' id='word_1_304' title='bbox 248 3921 341 3986; x_wconf 82' lang='grc' dir='ltr'>εἴργω,</span> <span class='ocrx_word' id='word_1_305' title='bbox 358 3918 409 3971; x_wconf 79' lang='lat' dir='ltr'><strong>sed</strong></span> <span class='ocrx_word' id='word_1_306' title='bbox 426 3917 509 3971; x_wconf 81' lang='lat' dir='ltr'><strong>etiam</strong></span> <span class='ocrx_word' id='word_1_307' title='bbox 527 3917 597 3989; x_wconf 71' lang='grc' dir='ltr'>ἔργω</span> <span class='ocrx_word' id='word_1_308' title='bbox 615 3917 686 3984; x_wconf 75' lang='lat' dir='ltr'><strong>(tau-</strong></span> <span class='ocrx_word' id='word_1_309' title='bbox 697 3916 830 3985; x_wconf 84' lang='lat' dir='ltr'><strong>Heracl.),</strong></span> <span class='ocrx_word' id='word_1_310' title='bbox 846 3922 936 3989; x_wconf 78' lang='lat' dir='ltr'><strong>sl&#39;pyw,</strong></span> <span class='ocrx_word' id='word_1_311' title='bbox 948 3919 1047 3990; x_wconf 78' lang='grc' dir='ltr'>ἕργμα,</span> <span class='ocrx_word' id='word_1_312' title='bbox 1062 3919 1144 3990; x_wconf 81' lang='grc' dir='ltr'>ἕρκος.</span> <span class='ocrx_word' id='word_1_313' title='bbox 1160 3902 1227 3970; x_wconf 61' lang='lat' dir='ltr'><strong>Arll</strong></span> 
     </span>
     <span class='ocr_line' id='line_1_37' title="bbox 148 3995 993 4075; baseline 0.004 -22"><span class='ocrx_word' id='word_1_314' title='bbox 148 4000 216 4072; x_wconf 76' lang='lat' dir='ltr'><strong>Fop,</strong></span> <span class='ocrx_word' id='word_1_315' title='bbox 235 3999 310 4074; x_wconf 81' lang='grc' dir='ltr'>ὁράω</span> <span class='ocrx_word' id='word_1_316' title='bbox 328 4001 377 4054; x_wconf 84' lang='lat' dir='ltr'><strong>sed</strong></span> <span class='ocrx_word' id='word_1_317' title='bbox 395 4000 498 4075; x_wconf 83' lang='grc' dir='ltr'>ὅρομαι</span> <span class='ocrx_word' id='word_1_318' title='bbox 516 3995 604 4071; x_wconf 79' lang='grc' dir='ltr'>οὖρος.</span> <span class='ocrx_word' id='word_1_319' title='bbox 627 3999 672 4055; x_wconf 82' lang='lat' dir='ltr'><strong>Sic</strong></span> <span class='ocrx_word' id='word_1_320' title='bbox 690 4001 772 4054; x_wconf 85' lang='lat' dir='ltr'><strong>etiam</strong></span> <span class='ocrx_word' id='word_1_321' title='bbox 790 4002 855 4073; x_wconf 77' lang='grc' dir='ltr'>ἓροη</span> <span class='ocrx_word' id='word_1_322' title='bbox 873 4007 901 4055; x_wconf 85' lang='lat' dir='ltr'><strong>et</strong></span> <span class='ocrx_word' id='word_1_323' title='bbox 918 4003 993 4073; x_wconf 77' lang='grc' dir='ltr'>ἔρση.</span> 
     </span>
    </p>
   </div>
   <div class='ocr_carea' id='block_1_5' title="bbox 0 0 1422 4784">
    <p class='ocr_par' dir='ltr' id='par_1_7' title="bbox 0 0 1422 4784">
     <span class='ocr_line' id='line_1_38' title="bbox 0 0 1422 4784; baseline 0 0"><span class='ocrx_word' id='word_1_324' title='bbox 0 0 1422 4784; x_wconf 95' lang='lat' dir='ltr'><strong> </strong></span> 
     </span>
    </p>
   </div>
  </div>
 </body>
</html>
