2836 4784
10 334 19 483 'f
461 367 495 421 de
513 367 631 422 fflalecto
649 367 836 456 Locrensium.
1133 376 1194 441 243

87 538 203 602 referri
232 544 339 624 potest
366 535 409 600 ad
434 536 571 601 formam
600 557 667 599 r-re
696 560 738 602 ex
758 546 849 603 a-rfe
877 537 1044 613 natam.³⁴)
1088 537 1195 602 Unum

83 647 196 701 tamen
226 657 290 701 non
319 644 407 700 recte
441 636 606 700 constituit
635 635 793 723 Boppius,
827 644 888 700 act.
920 637 1068 722 imperat.
1097 642 1126 702 3.
1149 658 1195 720 sg.

77 741 191 817 τωσ),
212 734 300 812 (Oso.
321 734 396 818 tad,
427 734 557 800 Sanser.
584 734 655 799 ved.
678 738 749 815 tot),
779 736 869 799 initio
898 735 996 798 fuisse
1024 734 1194 799 mediatem

73 836 233 916 sormam,
255 843 287 899 et
307 839 380 899 σθω
403 834 590 920 posterioris
611 835 747 918 originis
770 856 849 899 esse.
883 834 985 897 immo
1005 833 1193 919 duplicatio,

69 943 239 1019 quaeest
261 933 295 996 in
317 933 373 998 illo
395 938 455 1015 tdt,
474 932 666 1019 emphaseos
689 955 797 1014 causa,
828 942 863 996 ut
882 933 918 995 fit
941 933 974 996 in
993 932 1194 1019 imperando,

67 1028 268 1097 adhibetur.
287 1069 290 1074 -
309 1033 383 1097 Non
411 1033 509 1117 igitur
538 1031 703 1096 deterreor
729 1033 899 1119 quominus
929 1053 1053 1096 sumam
1079 1052 1188 1107 στωτ,

66 1152 203 1196 ντ-σωτ
224 1133 390 1218 antiquam
413 1132 554 1218 speciem
575 1130 723 1195 medialis
741 1132 975 1195 terminationis
997 1131 1118 1195 fuisse:

169 1230 338 1312 Quomodo
360 1233 408 1293 σθ
429 1253 471 1294 ex
491 1252 528 1292 aa
546 1237 695 1295 exortum
709 1231 751 1294 sit
766 1230 920 1294 incertius
934 1239 997 1294 est:
1019 1229 1094 1293 lieet
1116 1251 1197 1294 sane

65 1327 132 1394 de
151 1329 341 1396 intermedia
365 1331 471 1395 forma
491 1331 539 1391 ad
561 1330 720 1415 cogitare:
747 1351 784 1391 ca
805 1329 841 1394 fit
861 1331 908 1391 σθ
933 1330 967 1394 in
985 1319 1120 1404 Ἀτθὶς,
1145 1330 1193 1392 σθ
1262 1325 1264 1329 ’

64 1437 192 1511 potest
222 1430 362 1494 transire
394 1431 427 1494 in
459 1431 507 1491 σθ
542 1438 578 1493 ut
608 1429 642 1492 in
673 1421 825 1510 πρόσθεν
855 1428 956 1503 (Ourt.
977 1428 1086 1515 Etym.
1109 1433 1191 1510 267),

44 1516 258 1592 1ὀλισθσὶ-νω
275 1527 366 1604 (ibid.
380 1533 460 1606 343),
483 1520 621 1611 μάσθλη
640 1526 729 1603 (ibid.
744 1533 833 1608 366);
856 1537 924 1592 tum
944 1550 1193 1613 agnosceremus

65 1627 222 1693 mediam
249 1628 387 1691 formam
415 1629 463 1688 ab*
487 1627 520 1691 in
549 1625 635 1692 Oret.
659 1617 920 1692 dnoserna'oto
952 1626 1009 1704 (lit.
1041 1627 1192 1714 Gortyn.)

10 1786 15 1809 ὲ
67 1728 140 1791 enni
162 1725 238 1792 addi
266 1734 374 1813 potest
398 1720 553 1788 -aae'dttro
581 1728 615 1788 in
645 1725 737 1790 titulo
767 1727 894 1792 Cretico
926 1748 947 1790 a
976 1727 1192 1812 Bergmanno,

10 1812 15 1895 ἓ
68 1819 361 1909 Brandenburgae
381 1829 455 1899 1861
483 1823 580 1906 edito,
602 1848 632 1890 v.
651 1833 707 1908 403
728 1825 816 1909 quod
832 1825 958 1889 videtur
976 1827 1192 1910 fragmentum

10 1951 18 2013 r
71 1943 157 1990 esse
165 1925 255 1991 stalis
262 1924 457 2010 imperativi,
469 1922 575 2010 qualis
587 1923 684 2008 vulgo
697 1926 731 1988 in
745 1920 868 2011 -ζεσθω
881 1926 956 1988 exit.
980 1925 1063 1988 Nam
1078 1926 1133 1986 dd
1145 1926 1191 1988 ni·

72 2017 135 2087 hil
148 2023 310 2109 signifioat
319 2024 382 2087 nisi
395 2024 451 2098 ad,
471 2023 509 2088 of.
521 2022 675 2108 exempla
698 2032 852 2108 congesta
874 2023 961 2110 apud
982 2023 1191 2105 Rosohorum‚

17 2200 20 2209 Ι
74 2115 100 2182 l·
128 2146 153 2188 c.
173 2130 222 2192 89.
239 2122 310 2187 -At
331 2123 472 2209 suspicio
499 2122 595 2186 facile
624 2126 726 2188 oritur
747 2123 801 2186 isti
823 2125 879 2184 dd
901 2123 1059 2208 originem
1083 2123 1189 2186 minus

10 2249 19 2287 r
77 2223 248 2310 antiquam
270 2221 476 2287 tribuendam
510 2244 596 2304 esse,
626 2232 814 2307 comparato
836 2214 996 2297 idddm,
1026 2214 1190 2295 {osona—

10 2342 20 2384 ι
78 2314 119 2381 in
140 2320 335 2407 Bergmanni
350 2320 454 2402 titulo,
476 2329 667 2407 quaepatet
684 2320 725 2384 ab
743 2312 885 2394 totana,
907 2312 1071 2402 ἶσθᾶντες,
1090 2343 1191 2407 eaque

81 2413 129 2480 ab
150 2413 282 2496 ἱστᾶνσι,
307 2412 453 2495 ἱστάντες
474 2430 546 2485 orta
568 2442 656 2502 esse,
686 2419 810 2484 collatis
831 2419 992 2484 Boeotieis
1014 2412 1192 2485 detodori-

83 2507 149 2578 λαν
168 2531 198 2584 et
217 2508 316 2582 iader
334 2507 474 2606 (ἧσθαι).
505 2519 666 2584 Malumus
687 2520 786 2605 igitur
806 2521 1029 2584 transitionem
1050 2522 1097 2583 ita
1117 2542 1190 2584 con·

83 2616 229 2684 stituere:
250 2641 287 2681 uc
310 2620 450 2706 primum
473 2641 532 2709 per
554 2618 834 2683 dissimilationem
855 2619 977 2683 factum
999 2641 1070 2682 esse
1087 2638 1133 2700 στ,
1155 2627 1192 2682 ut

82 2706 119 2774 in
138 2713 343 2799 χαριέστερσς
359 2741 419 2805 pro
440 2712 669 2800 χαριέσ-σερσς,
688 2717 786 2805 idque
801 2728 869 2782 turn
888 2717 996 2782 littera
1008 2738 1028 2779 σ
1041 2719 1190 2782 affectum

82 2805 119 2874 in
142 2820 185 2880 od
202 2818 333 2900 abiisse,
355 2818 431 2883 inde
454 2816 581 2881 demum
604 2816 690 2882 Oret
713 2818 768 2878 dd
790 2818 960 2880 exstitisse.

165 2918 272 2998 Quum
293 2920 393 3003 igitur
412 2918 547 2981 forsitan
569 2916 730 3001 possimus
746 2918 780 2979 in
798 2907 929 2990 ἓλέστω,
954 2925 1013 2978 etc.
1028 2923 1189 2978 vetustam
1255 2973 1256 2976 ,

10 3032 17 3067 r·
78 3002 217 3082 formam
234 3038 422 3103 agnoscere,
440 3015 514 3101 plus
533 3014 733 3080 difficultatis
747 3014 845 3079 habet
861 3014 1038 3078 infinitivus
1055 3016 1088 3077 in
1105 3033 1189 3078 σται.

76 3097 118 3171 ῙΒ
143 3118 221 3181 enim
244 3116 432 3203 plerumque
455 3115 569 3200 (Bopp.
581 3136 627 3199 gr.
647 3137 749 3199 comp.
759 3113 819 3195 ΙΠ,
829 3119 899 3195 329,
913 3115 1027 3199 Lange
1039 3115 1115 3178 uber
1127 3113 1190 3178 deu

72 3195 157 3278 Eat.
176 3216 243 3303 qu.
263 3215 353 3279 Paos.
373 3236 448 3302 pag.
471 3221 527 3287 303
554 3213 643 3277 Ourt.
665 3212 773 3298 Etym.
797 3220 846 3293 65,
869 3218 919 3289 68)
940 3216 988 3278 ita
1008 3214 1189 3300 explicatur

70 3311 119 3366 ¹1¹2
144 3313 469 3399 contineat-radicem*
491 3311 555 3374 dbd
578 3341 602 3366 =
624 3314 687 3387 de3
717 3323 748 3376 et
780 3313 942 3377 confertur
972 3313 1096 3377 Vediea
1126 3324 1187 3377 tor·

65 3405 212 3478 minatio
233 3411 332 3498 dtjoi.
376 3413 488 3497 Neque
512 3411 619 3474 obstat
640 3410 827 3498 quidquam,
850 3414 909 3476 etsi
932 3415 1037 3477 minus
1060 3412 1188 3498 placent

62 3509 166 3579 (luae
186 3512 331 3598 Boppius
354 3521 384 3575 et
398 3511 512 3595 Lange
534 3510 574 3574 de
597 3529 616 3571 σ
636 3514 930 3596 proposuerunt.³⁵)
962 3512 1044 3575 Nam
1060 3509 1094 3574 id
1109 3510 1187 3599 mihi

59 3637 290 3674 χ...-

57 3812 63 3823 ,
152 3763 192 3827 34)
208 3760 269 3817 Nisi
286 3758 567 3827 statuamus‚-oollato
585 3756 693 3812 Sanser.
712 3759 783 3812 oldad
807 3759 931 3825 (ct-dtus)
949 3761 977 3810 et
995 3757 1078 3810 Zend.
1096 3761 1188 3811 a-dum

56 3829 206 3908 stupeat.
234 3852 260 3912 (e
282 3847 389 3910 d-dam)
412 3845 472 3912 jam
498 3842 700 3912 antiquissimos
722 3840 843 3896 Graecos
876 3841 974 3894 dixisse
997 3841 1068 3894 otf
1067 3861 1090 3908 ε,
1115 3857 1187 3910 quae

56 3902 175 3980 t'‘llnerr
195 3928 287 3982 omnia
304 3928 340 3982 ad
357 3935 427 3982 toro
445 3925 541 3980 refero.

152 4015 192 4080 35)
209 4011 258 4067 llle
276 4011 349 4066 enim
366 4027 415 4082 pro
432 4012 594 4081 pronomine
611 4009 747 4077 reflexivo,
766 4010 811 4064 hio
827 4027 877 4080 pro
895 4009 953 4063 rad.
973 4029 999 4073 ες
1018 4008 1110 4065 habet.
