2836 4784
10 416 15 503 l

443 381 477 435 dc
494 381 612 436 dialecto
630 379 818 435 Locrensium.
1124 380 1183 454 241

94 549 232 632 praesidii
264 571 337 614 esse
365 550 505 633 videtur,
536 550 609 615 dico
644 548 810 614 Aeolicum
844 560 875 613 et
906 548 1065 636 Argivum
1098 545 1185 613 rustici

94 645 180 712 Coum
200 642 285 711 assui
307 650 416 726 (Rosa.
435 652 532 716 inser.
554 649 638 714 ined.
661 649 740 712 fasc.
761 647 818 727 ΙΠ,
840 648 896 714 Nr.
920 655 992 729 311)
1015 675 1074 738 pro
1093 645 1186 730 μετά.

89 743 148 811 Sed
170 747 252 812 hanc
279 752 502 833 quaestionem
510 783 519 832 3
552 761 592 813 ne
622 747 751 833 longius
782 770 802 813 a
829 750 997 835 proposito
1026 750 1184 834 aberrem,

84 864 163 910 nunc
174 848 308 912 missam
317 849 416 914 facio:
429 873 503 914 nam
516 851 612 913 etiam
628 848 655 911 si
667 847 747 911 haec
758 848 907 912 transitio
919 848 1076 935 exemplis
1086 849 1185 937 pluri·

81 941 142 1009 bus
160 956 399 1028 sustentaretur,
433 950 538 1033 magis
555 947 713 1034 'placeret
743 948 777 1011 in
807 947 891 1011 loco·
914 946 954 1010 de
984 971 1047 1034 quo
1078 951 1185 1034 agitur

77 1041 179 1108 Curtii
200 1046 381 1112 emendatio
404 1041 599 1127 ὸπλόξενος,
628 1046 678 1125 (cf.
701 1042 899 1128 δορύξενος),
930 1069 1011 1134 quae
1033 1070 1097 1111 vox
1123 1070 1186 1112 non

71 1141 262 1210 insolentior
286 1156 452 1234 est-quam
478 1139 644 1226 ὁμόξενος,
697 1144 815 1211 Cetera
830 1145 976 1234 ejusdem
999 1146 1083 1210 tituli
1108 1149 1184 1211 scri·
1221 1190 1225 1199 ·

67 1251 191 1323 pturac
207 1244 326 1308 menda
346 1246 422 1311 vide
447 1249 467 1328 ξ
488 1253 507 1312 2
529 1254 726 1309 enumerata.

109 1378 113 1384 ·
158 1343 252 1424 Quod
274 1353 381 1409 autem
402 1347 544 1409 maxime
571 1343 720 1408 mirabile
747 1343 787 1408 de
818 1343 933 1408 litteris
955 1344 1052 1409 mutis
1074 1354 1185 1412 notan·

62 1435 151 1505 dum
170 1442 325 1508 habemus
354 1444 416 1508 hoc
438 1453 501 1508 est:
531 1463 569 1506 στ
596 1465 656 1529 pro
680 1445 728 1504 od
750 1465 876 1529 semper
897 1445 1036 1529 proferri
1057 1445 1091 1508 in
1112 1468 1185 1510 ver·
1282 1438 1297 1465 ²

60 1530 188 1605 borum
204 1543 494 1624 terminationibus,
510 1542 607 1628 idque
623 1544 656 1605 in
673 1551 810 1629 utroque
823 1542 934 1625 titulo;
955 1566 1031 1607 nam
1047 1544 1184 1629 legimus

60 1631 138 1705 On.
157 1664 185 1705 v.
205 1648 224 1709 8
245 1635 371 1727 χρήστω
393 1644 641 1730 imperativum,
664 1665 693 1705 v.
720 1648 756 1706 10
778 1634 909 1736 ἓλὲστω,
933 1666 962 1705 v.
988 1650 1022 1710 16
1046 1636 1185 1725 iliceos,

59 1744 110 1797 et
124 1738 215 1826 =Hyp.
237 1763 267 1805 v.
294 1746 340 1823 19,
364 1747 413 1823 23,
436 1748 485 1824 26,
507 1747 546 1808 28
565 1742 711 1824 χρῆσται,
737 1763 765 1803 v.
790 1747 838 1822 32,
856 1746 894 1805 33
918 1734 1063 1821 ἆρέσται,
1086 1765 1117 1807 v.
1133 1751 1183 1824 41,

16 1833 18 1841 ’
59 1834 121 1898 44
140 1840 463 1926 παματοφαγεῖσται.
506 1840 571 1904 Res
594 1851 644 1903 est
651 1888 659 1921 ,
680 1850 716 1903 ut
738 1840 821 1936 licet·
835 1840 1008 1923 affirmare,
1030 1840 1185 1923 inaudita,

59 1925 170 2002 immo
198 1958 219 2001 o
240 1940 496 2012 amantissimum
527 1948 576 2002 est
603 1939 764 2030 sequentis
793 1941 971 2024 aspiratae,
998 1949 1185 2024 tantumque

60 2030 233 2125 abas-,ut
267 2039 449 2125 aspiratam
483 2046 626 2102 attenuet
660 2049 694 2102 ut
730 2059 961 2123 saepenumero
997 2049 1124 2102 tenuem
1152 2040 1185 2102 in

60 2137 250 2222 aspiratam
267 2144 442 2202 convertat.
471 2136 564 2216 Quae
576 2137 768 2219 Ruscherus,
782 2138 816 2200 in
830 2138 1021 2202 tractatione
1044 2138 1085 2202 de
1100 2139 1190 2224 aspi·

59 2237 212 2320 ratione,
240 2237 329 2304 Ourt.
350 2236 441 2301 Stud.
463 2236 496 2318 Ι,
520 2241 554 2318 2,
577 2259 652 2322 pag.
674 2227 814 2318 86-87,
835 2236 965 2322 collegit
987 2236 1107 2301 diversi
1128 2259 1180 2321 gc-

58 2336 160 2400 sseris
181 2345 263 2401 sunt.
295 2337 364 2400 Ista
379 2336 464 2399 enim
480 2337 601 2421 passim
618 2358 658 2399 ex
679 2336 912 2400 recentioribus
934 2336 1035 2400 titulis
1059 2335 1188 2421 singula

60 2421 248 2522 desumpta
275 2435 354 2500 nihil
389 2434 611 2499 demonstrant
643 2436 706 2498 nisi
734 2434 808 2498 hoc:
842 2444 1014 2521 postquam
1040 2434 1186 2521 vulgaris

15 2603 17 2609 ,
58 2535 232 2620 aspiratio
261 2557 299 2599 eo
326 2556 501 2621 progressa
535 2543 621 2597 esset
648 2543 683 2598 ut
709 2535 777 2598 fere
807 2535 955 2621 quamvis
984 2544 1109 2598 tenuem
1140 2538 1186 2598 in·

57 2632 219 2721 Vaderet,
239 2631 347 2720 neque
359 2634 430 2720 jam
451 2655 545 2697 aures
567 2632 658 2716 vulgi
680 2643 832 2697 accurate
850 2633 1085 2718 distinguerent
1101 2636 1186 2698 inter

57 2723 187 2798 t(tristes
210 2742 242 2797 et
261 2733 442 2820 aspiratos,
473 2755 571 2818 quum
594 2733 772 2817 aspiratam
792 2754 852 2818 pro
874 2735 976 2815 tenui,
1000 2743 1065 2795 tum
1089 2722 1185 2798 etiam

56 2833 239 2898 consano
256 2853 366 2897 errore
380 2831 541 2896 interdum
558 2841 684 2894 tenuem
700 2854 759 2917 pro
773 2832 919 2917 aspirata
931 2833 1007 2916 poni
1025 2833 1182 2917 coepisse:

55 2930 212 3001 Perinde
239 2953 279 2995 ac
304 2930 450 2996 videmus
483 2931 603 2995 lactum
635 2952 706 2994 esse
738 2930 794 2994 ubi
828 2931 961 3016 spiritus
992 2952 1088 3016 asper
1119 2932 1185 2994 vim

58 3029 234 3099 Paulatim
256 3029 434 3112 amittebat,
456 3039 492 3094 ut
514 3031 609 3093 etiam
624 3030 658 3092 in
681 3029 920 3114 alienasvoces
942 3030 1108 3116 irreperet.
1141 3029 1187 3093 nt
1220 3088 1223 3093 .
1286 3121 1290 3129 Ι
1316 3007 1335 3059 ¹·

57 3107 171 3220 hulus
194 3131 390 3197 confusionis
413 3128 563 3215 exempla
592 3152 708 3215 sparsa
732 3139 763 3192 et
783 3152 917 3193 numero
940 3151 1061 3215 pauca,
1084 3150 1187 3214 neque

59 3226 240 3292 adducere
262 3252 396 3315 possum
417 3228 516 3293 ullum
537 3227 731 3292 vocabulum
759 3228 793 3291 in
823 3251 885 3315 quo
919 3229 1024 3295 tenuis
1053 3229 1086 3291 in
1116 3228 1187 3292 loco

62 3329 242 3415 &spinatae
273 3350 390 3392 revera
420 3349 482 3391 usu
500 3327 644 3390 firmata·
673 3328 730 3390 sit:
769 3327 808 3391 cf.
843 3327 936 3393 'Curt
974 3328 1082 3414 Etym.
1117 3331 1186 3416 rto,

59 3407 231 3509 Roscium,
254 3427 274 3491 l.
296 3450 323 3491 c.
345 3430 493 3513 pagato.
521 3426 626 3506 -Quae
648 3427 731 3489 enim
754 3417 903 3511 exempla
922 3426 1017 3513 hujus
1039 3427 1186 3490 mutatio·

59 3528 123 3592 llis
149 3525 387 3591 Oeconomides
416 3526 563 3611 proferre
596 3524 658 3589 sibi
691 3527 780 3589 visus
813 3528 886 3606 est,
911 3525 1010 3612 (apud
1036 3523 1187 3588 Rossium

61 3633 150 3714 pag.
177 3628 240 3706 38),
262 3646 378 3711 nempe
401 3618 596 3699 σηόνὸυλος,
622 3616 832 3704 ἀσπάραγος,
857 3618 981 3699 oratic,
1006 3617 1183 3707 σκέραφος,

58 3720 212 3800 hauseis,
241 3726 363 3805 κίστας,
395 3724 428 3786 in
460 3723 510 3787 his
541 3723 640 3787 multo
670 3722 857 3788 credibilius
885 3734 934 3786 est
956 3732 1084 3786 tenuem
1106 3723 1187 3787 anti·

62 3829 224 3911 quierem
245 3824 359 3888 fuisse:
382 3821 467 3908 quod
488 3822 575 3885 idom
597 3822 739 3908 Hesych.
761 3821 886 3906 glossas
909 3814 1049 3905 ἀστηνεῖ,
1075 3815 1187 3904 ἐνστη-

63 3921 125 4001 ι’ές
150 3946 171 3988 a
194 3923 295 4008 stirpe
316 3923 399 3983 σθεν
421 3919 560 4002 deducit,
582 3921 616 3984 id
638 3923 741 4007 ipsius
765 3922 908 4007 opinioni
924 3929 1091 4005 repugnat,
1109 3942 1186 4006 quo·

64 4027 176 4089 niam
188 4022 296 4108 ipsum
310 4023 394 4084 odes
416 4043 435 4085 a
450 4019 519 4087 rad.
534 4038 594 4083 στα
609 4020 822 4086 derivandum
845 4011 901 4083 est
937 4017 1038 4083 Paulo
1057 4018 1186 4083 diversa
