2836 4784
251 387 290 453 κε
377 333 391 346 ”
775 382 838 439 Rau

190 629 192 635 ³
250 545 395 632 δαίμονα
429 544 604 634 γράμματα
629 547 839 639 ,πεμφθέντα
868 551 1219 634 Xen.Hell.11,23.
1261 571 1367 631 μετα·-

249 645 451 731 πέμπεσδαι
472 652 573 716 Arist.
594 652 692 738 Vesp.
715 659 784 720 689.
818 652 902 717 Χεο.
930 651 1029 737 Ages.
1057 651 1144 717 110.
1177 672 1365 740 προςμεια-

249 747 450 830 πέμπεσθαι
470 751 622 815 Aeschin.
644 751 755 833 11187,
778 750 916 838 denique
938 745 1131 833 ἐπάγεσθαι
1146 748 1306 814 'PhuelII
1318 755 1364 816 34.
1393 760 1395 764 ’

332 850 501 915 Nonnullis
522 852 612 931 loeis,
635 873 830 936 quamquam
851 852 1028 932 rarissime,
1052 849 1188 914 verbum
1210 847 1363 914 veniendi

249 948 466 1037 supplendum
496 959 553 1014 est.
589 949 677 1015 Socr.
707 952 769 1013 ποῖ
797 947 836 1037 δὴ
865 947 923 1013 καὶ
943 939 1073 1022 midam
1100 947 1238 1015 Phaedr.
1272 944 1363 1029 παρὰ

248 1042 379 1112 Λυσίου
411 1049 494 1114 Plat.
526 1047 666 1115 Phaedr.
688 1056 757 1115 227.
787 1041 871 1132 παρ’
902 1043 1011 1130 Ἥρας
1041 1040 1103 1125 οάχ
1126 1040 1205 1132 δρᾷς
1232 1042 1364 1130 θρόνων

248 1143 328 1212 τάδε
348 1149 426 1214 Eur.
447 1149 545 1232 Hera
568 1149 605 1214 F.
633 1155 718 1215 1127.
739 1151 759 1215 i.
782 1151 969 1229 e.·venisse,
990 1148 1137 1212 immissa
1159 1169 1239 1213 esse.

331 1249 420 1313 Raro
446 1246 548 1311 verba
574 1247 737 1312 ferendi
767 1258 864 1336 atque
892 1247 1044 1333 egendi
1068 1267 1140 1310 cum
1163 1243 1256 1328 παρά
1278 1247 1367 1310 diota

220 1367 223 1372 ’
250 1349 466 1434 reperiuntur.
484 1346 573 1432 apud
583 1346 709 1411 Atticos
733 1350 909 1435 scriptores
930 1347 1011 1412 haee
1028 1347 1188 1432 feresunt.
1208 1341 1287 1431 ’φέρ
1302 1368 1364 1408 ειν

249 1441 366 1529 στολήν
387 1445 469 1509 Xen.
493 1445 571 1530 (lyr.
594 1445 628 1509 Π
650 1452 678 1512 4.
705 1456 729 1511 1.
760 1447 917 1512 translate
945 1441 1031 1527 μέγα
1060 1439 1178 1528 φέρειν
1198 1445 1278 1509 Her.
1302 1445 1363 1509 VH

247 1552 318 1613 213.
341 1541 469 1631 (φέρειν
490 1543 580 1627 δῶρα
602 1545 713 1626 Quint.
735 1546 864 1633 Smyrn.
885 1545 976 1613 1647
998 1553 1031 1610 et
1051 1533 1140 1607 οἶνον
1154 1543 1232 1609 ibid.
1247 1544 1279 1609 V
1293 1549 1365 1624 359)

251 1637 328 1727 παρ’
353 1637 488 1731 Αἰήτεω
504 1634 561 1729 ἦγε
576 1640 696 1729 κούρην
706 1645 785 1710 Ηεε.
802 1645 926 1730 Theog.
942 1649 1012 1711 994.
1028 1640 1084 1706 καί
1098 1640 1191 1723 παρὰ
1203 1639 1364 1706 Σιτάλκου

250 1738 731 1827 ψιάρανΛακεδαιμονίοισιν
756 1741 814 1807 καὶ
841 1739 934 1827 παρὰ
956 1735 1145 1822 Περδίκκου
1178 1738 1288 1825 ψεύδη
1322 1765 1362 1806 aa

250 1834 335 1924 δεῦρ’
369 1834 471 1927 ἤγαγε
498 1839 663 1919 Διόνυσος
690 1843 862 1929 Hermipp.
892 1865 972 1907 com.
995 1863 1046 1928 ap.
1068 1842 1165 1910 Mein.
1187 1840 1222 1905 H
1245 1849 1271 1907 1.
1296 1847 1362 1906 497.

250 1943 341 2004 οἶκον
362 1936 490 2024 ἐξάγειν
509 1943 604 2007 Dein.
617 1943 716 2030 Lept.
745 1948 792 2009 32.
816 1943 954 2027 denique
975 1936 1012 2004 ἐκ
1033 1943 1090 2026 τῆς
1114 1933 1252 2028 ἠπείρου
1274 1935 1364 2022 παρὰ

249 2036 472 2126 Κλεοπάτρας
493 2033 540 2117 είς
560 2037 726 2106 Λευκάδα
744 2036 883 2127 ἐσιτήγει
906 2041 986 2126 Lyo.
1008 2042 1042 2104 in
1062 2041 1176 2106 Leocr.
1198 2046 1247 2108 26.
1270 2040 1362 2105 Dem.

248 2141 344 2228 Lept.
366 2148 415 2209 34.

331 2241 488 2305 Transire
514 2239 627 2305 licebit
644 2239 690 2320 ‚ad
722 2239 824 2304 verba
852 2239 1058 2321 sumendi,
1092 2236 1233 2320 dandi,
1265 2239 1363 2303 aeci·

250 2341 410 2428 piendi,
432 2338 624 2421 habendi3
651 2340 734 2403 inter
757 2361 839 2426 quae
854 2338 950 2424 longe
970 2339 1113 2403 maxime
1129 2337 1368 2422 frequentatum-4

249 2451 299 2504 est
313 2432 496 2520 λαμβάνειν
513 2440 645 2526 eiusque
657 2439 846 2525 composita,
861 2438 947 2525 quod
959 2438 1095 2501 verbum
1108 2436 1185 2500 inde
1206 2437 1247 2501 ab
1262 2437 1363 2515 Hero-

251 2539 404 2603 dotatam
418 2560 516 2623 saepe
533 2537 714 2602 adhibitum
729 2548 787 2617 est,
810 2547 846 2602 ut
859 2539 964 2602 instar
979 2538 1120 2602 omnium
1134 2535 1310 2601 verborum
1319 2558 1363 2600 ex

120 2656 121 2663 ¹
249 2637 365 2725 quibus
380 2631 472 2720 παρά
489 2658 514 2700 c.
530 2659 600 2722 gen.
614 2658 805 2723 suspensum
826 2647 885 2719 est,
906 2638 1087 2719 existimari
1100 2637 1215 2721 possit.
1247 2635 1302 2699 Ex
1315 2657 1369 2699 ea·

249 2738 321 2801 dem
335 2737 446 2802 radiae
457 2737 588 2801 ductam
602 2759 715 2801 vooern
723 2736 801 2802 Eur.
812 2735 996 2824 supplete
1010 2733 1165 2799 adhibuit.
1188 2727 1365 2796 κάλλιστον

250 2831 367 2916 ἔρανον
387 2826 704 2913 δοὺς-άντιλάζυται
728 2828 861 2899 παίδων
881 2826 966 2915 παρ)
997 2826 1096 2897 αὐτοῦ
1116 2825 1241 2896 τοιάδε.
1283 2833 1364 2897 Item

248 2937 374 3022 poetice
404 2935 525 3000 dictum
555 2946 604 2999 est
637 2924 703 3018 ὅτῳ
728 2929 843 3019 τρόπῳ
872 2927 969 3009 δίκας
995 2928 1137 3017 ἀροίμην
1156 2934 1222 2994 τῶν
1246 2954 1365 3018 φονευ-

245 3028 374 3096 σάντων
392 3027 486 3116 πάρα
509 3034 607 3120 Soph.
630 3035 681 3099 El.
704 3041 753 3119 34,
777 3056 859 3121 quae
880 3034 999 3099 locutio
1022 3042 1135 3118 aperte
1156 3033 1295 3096 formata
1318 3041 1366 3095 est

248 3157 288 3197 ex
312 3155 351 3197 ea
373 3156 469 3221 quam
492 3135 682 3222 saepissime
712 3132 802 3220 apud
827 3143 974 3198 oratores
1003 3132 1140 3218 legimus
1163 3124 1257 3214 δίκην
1280 3128 1365 3210 λαμ-

212 3227 216 3241 ’
247 3226 370 3312 βάνειν,
403 3232 492 3297 velut
517 3232 644 3300 Andos.
673 3233 740 3298 17.
768 3231 847 3318 Lys.
868 3233 917 3297 IV
938 3238 987 3298 20.
1009 3230 1039 3295 V
1065 3237 1100 3296 12
1130 3239 1189 3294 ete.
1211 3231 1293 3295 Isae.
1316 3229 1366 3293 XI

247 3336 287 3398 ‘28
310 3340 374 3397 eto.¹
391 3341 451 3396 ete·
472 3331 664 3416 quibuscum
684 3340 760 3419 apte
782 3332 930 3396 conferas
952 3327 992 3392 τὰ
1014 3324 1131 3393 δίκαια
1153 3320 1246 3390 πάντ’
1266 3322 1365 3392 άπει-

247 3422 374 3516 talem
396 3422 474 3514 παρ’
495 3427 575 3512 ἐμοῦ
596 3430 785 3496 Aeschinl
810 3435 877 3498 196.

329 3530 383 3594 Ex
410 3530 519 3595 verbis
550 3531 736 3595 suinendi
756 3528 920 3594 Hesiodus
950 3521 1109 3609 ἁρπάζειν
1130 3526 1265 3611 (Theog.
1289 3533 1365 3605 914)

247 3639 279 3694 et
300 3622 455 3692 κλέπτειν
473 3629 550 3717 (Op.
573 3639 605 3695 et
626 3631 667 3694 l).
690 3635 741 3705 51)
764 3651 836 3713 oum
858 3621 946 3708 παρά
970 3627 1062 3693 dixit.
1087 3620 1251 3706 ἁρπάζειν
1265 3627 1365 3691 etiam

247 3728 289 3793 ab
311 3720 532 3816 Aristophane
554 3730 626 3815 (Eo.
649 3730 721 3805 802)
743 3737 774 3792 et
797 3727 1013 3814 Xenophonte
1037 3726 1147 3810 (Resp.
1162 3725 1240 3797 Lae.
1262 3724 1365 3802 1119).

246 3824 400 3891 κλέπτειν
421 3828 464 3893 ab
485 3828 653 3893 Herodoto
676 3827 693 3890 I
717 3830 773 3894 186
805 3824 858 3887 ἵνα
885 3821 930 3911 μὴ
950 3821 1127 3888 κλέπτοιεν
1157 3815 1242 3904 παρ’
1262 3815 1366 3910 ἀλλή-

247 3923 314 3988 λων
336 3936 368 3990 et
382 3927 601 4014 Aristophane
617 3926 712 4006 (Plut.
726 3930 799 4001 358)
822 3926 869 3989 sio
886 3928 1028 4012 positum
1049 3935 1106 3990 est.
1149 3923 1278 3987 Deinde
1300 3924 1366 3988 hue

246 4027 389 4111 pertinet
410 4018 527 4108 αλρεῑνῑ
549 4021 687 4112 σμικρὴν
709 4016 804 4088 παῖδ’
829 4016 982 4089 άτίταλλε
1004 4018 1105 4112 φίλης
1125 4019 1217 4106 παρά
1241 4021 1367 4107 μκτρὸς
