2836 4784
526 387 560 443 de
579 389 782 461 praepositione
801 393 887 464 παρά.
1226 398 1281 470 29,

150 549 189 617 de
210 573 279 617 eor.
305 558 363 619 167
387 566 447 620 ete.
476 551 653 638 γράμματα
675 558 790 646 Polyb.
815 560 850 625 Π
871 567 899 628 6.
929 560 958 624 V
980 565 1028 628 20.
1048 553 1167 642 βιβλία
1188 557 1268 624 Her.

150 650 193 714 VI
216 658 246 716 4.
280 643 428 744 χρήματα
456 654 539 738 Xen.
566 656 651 724 Hell.
678 656 725 724 IV
747 665 825 741 4,2
852 659 933 741 VI,
956 665 1005 727 35.
1031 652 1164 740 χρυσίον
1190 657 1267 723 Diu.

148 755 235 824 169.
264 748 395 838 μισθός
428 754 530 820 Thue.
559 755 638 823 VIII
669 761 718 827 48.
748 752 846 839 γέρας
871 757 951 823 Eur.
979 757 1098 824 Bacch.
1127 760 1195 827 878.
1218 763 1266 826 98.

150 854 241 936 δῶρα
263 848 349 923 Xen.
371 856 449 943 Cyr.
471 854 505 920 II
529 861 556 938 1,
582 861 617 923 13
640 865 698 920 eto.
720 850 828 938 δωρεαί
846 856 928 923 Plat
943 856 1013 922 Pol.
1031 863 1091 923 290
1108 857 1145 923 O.
1166 855 1266 921 Isoer.

149 954 270 1040 Paneg.
300 961 350 1023 04.
376 956 471 1020 Dem.
499 953 592 1040 Lept.
624 962 670 1022 15.
700 961 751 1021 35.
780 961 830 1024 63.
861 961 918 1025 108
944 967 1003 1021 ete.
1032 951 1164 1036 ίχδρών
1185 945 1263 1040 παρ)

150 1045 282 1135 ἀνδρῶν
303 1053 443 1139 δυσμενῆ
465 1048 653 1133 καττύματα
675 1051 732 1120 Ar.
754 1053 852 1144 Vesp.
880 1060 966 1143 1160.
988 1050 1028 1118 td
1052 1076 1087 1122 τι.
1108 1056 1165 1120 τοῦ
1188 1051 1269 1130 Διὸς

149 1147 255 1217 ὕδατα
286 1155 370 1220 Plat.
384 1152 460 1238 leg.
486 1153 621 1220 111761.
652 1154 691 1217 of.
714 1154 797 1219 Tim.
821 1160 870 1223 86.
910 1153 1012 1242 Apud
1039 1153 1266 1241 Thucydidem

150 1252 252 1328 (1141
283 1255 323 1319 ef.
354 1253 385 1318 V
411 1257 479 1329 115)
513 1250 631 1336 legitur
662 1243 743 1338 ἀνὴρ
777 1244 853 1332 παρ’
883 1244 976 1336 ἡμῶν
1003 1275 1024 1317 a
1045 1252 1138 1319 nobis
1160 1266 1267 1336 ortus3

151 1352 237 1438 quod
258 1355 380 1440 optime
402 1353 632 1436 interpretatus
655 1363 705 1417 est
722 1352 908 1440 Kriigerus:
942 1362 1055 1417 nostra
1087 1351 1266 1418 eruditione

150 1462 181 1515 et
200 1462 316 1517 nostra
337 1452 485 1519 doctrina
506 1451 699 1532 instruetus3
726 1454 855 1517 omnine
884 1450 1059 1538 respondet
1086 1450 1265 1538 Anglorum

147 1551 233 1634 from
255 1565 397 1638 arwapst
417 1575 475 1634 ua,
494 1550 560 1617 vid.
582 1549 775 1616 Arneldium
798 1549 840 1616 ad
861 1549 891 1615 b.
912 1550 932 1616 l.

234 1650 433 1737 Saepissime
453 1648 544 1731 παρά
572 1672 598 1715 e.
620 1672 693 1736 geu.
721 1673 739 1714 e
761 1649 975 1715 substantivis
996 1650 1161 1715 notionem
1183 1648 1266 1714 mili·

149 1758 227 1832 tum,
251 1751 414 1815 exereitus
437 1749 677 1815 continentibus
702 1772 894 1836 suspensum
917 1759 980 1833 est,
1008 1750 1055 1813 ita
1074 1758 1110 1813 ut
1132 1748 1266 1815 verbum

149 1848 301 1913 mittendi
328 1848 381 1913 vel
410 1847 561 1913 veniendi
591 1847 736 1935 suppleri
765 1849 882 1934 possit,
914 1848 1003 1913 velut
1031 1841 1146 1924 λυπεῖς
1174 1844 1266 1929 παρὰ

148 1949 204 2010 τοῦ
218 1941 401 2012 Διονυσίου
417 1945 595 2014 Xen.Hell.
611 1946 674 2011 VII
692 1955 718 2029 1,
734 1951 784 2026 21,
805 1949 861 2034 qui
881 1946 968 2011 idem
991 1957 1065 2012 sunt
1086 1946 1127 2011 de
1148 1947 1266 2034 quibus

149 2049 168 2129 5
191 2052 231 2114 20
256 2047 377 2113 dietum
407 2056 456 2113 est
482 2043 648 2110 καταπλεῖ
675 2037 968 2126 Λακεδαιμονίοις
995 2037 1120 2131 ἡπαρὰ
1142 2048 1267 2109 Διονυ-

148 2139 222 2208 σίου
261 2139 424 2230 βσήθεια·
440 2148 581 2231 itemque
610 2149 700 2227 §28-
732 2154 806 2210 sunt
839 2143 958 2208 milites
992 2169 1012 2209 a
1038 2144 1134 2210 Dion.
1164 2146 1264 2211 missi.

147 2244 247 2332 Apud
278 2246 374 2310 Deru.
408 2246 449 2311 de
477 2268 542 2310 cor.
571 2249 611 2311 73
646 2236 723 2310 δτι.
755 2238 933 2308 Φιλίππου
965 2239 1142 2329 στρατηγός
1172 2254 1204 2308 et
1232 2245 1265 2308 in

148 2343 288 2431 epistola
314 2345 461 2432 Philippi
481 2343 590 2421 (Dem.
619 2342 686 2410 XII
707 2352 739 2424 5)
761 2337 779 2407 ὃ
800 2335 877 2427 παρ’
900 2337 992 2424 ὑμῶν
1011 2337 1189 2428 στρατηγός
1210 2366 1264 2409 ex·

150 2452 211 2509 stat
232 2443 265 2506 h.
286 2466 313 2508 e.
334 2444 402 2509 dux
424 2467 519 2533 quem
540 2442 757 2510 Athenienses
777 2443 821 2510 ad
840 2443 960 2509 bellum
979 2442 1156 2530 gerendum
1172 2441 1263 2507 dimi·

155 2564 225 2607 sere.
272 2542 340 2607 Sed
361 2543 437 2608 inde
459 2567 480 2608 a
499 2542 639 2629 Polybio
661 2566 757 2631 quem
779 2566 852 2608 eum
871 2545 906 2607 iu
927 2542 1000 2608 aliis
1022 2543 1119 2610 rebus
1140 2556 1209 2610 tum
1229 2547 1264 2609 in

149 2643 428 2729 praepositionum
449 2665 512 2707 usu
533 2640 732 2728 magnopere
754 2641 796 2707 ab
817 2642 919 2711 Attici
934 2645 1090 2709 sermonis
1104 2642 1265 2730 elegantia

150 2739 463 2821 desciscere-omnes
487 2742 602 2823 seiunt,
625 2743 899 2828 praepositionem
919 2737 1098 2823 nerpoicum
1114 2745 1263 2827 genetivo

149 2839 428 2906 substantivorum
445 2841 493 2923 ita
513 2841 654 2927 positam
674 2841 871 2927 reperimus,
904 2850 948 2924 ut,
971 2863 1042 2906 eum
1066 2840 1153 2908 solus
1167 2864 1262 2928 gene·

148 2939 231 3005 tivus
255 2939 300 3002 ad
318 2942 509 3007 sent-entiam
526 2939 774 3027 exprimendam
793 2940 966 3024 sufficeret,
986 2943 1184 3026 praepositio
1195 2943 1264 3009 fere

150 3038 318 3125 superflua
353 3041 404 3105 sit
457 3037 621 3126 Exempla
656 3037 737 3104 haee
772 3049 875 3105 sunto.
911 3037 1053 3103 συνιδεῖν
1085 3038 1162 3117 τοὺς
1186 3032 1262 3125 παρ’

147 3130 247 3200 αὑτοῦ
271 3133 474 3221 στρατιώτας
495 3138 564 3204 Pol.
584 3137 635 3203 III
658 3143 706 3205 43.
722 3145 771 3206 56.
786 3145 833 3204 70.
848 3144 897 3205 65.
919 3133 1044 3202 Κέλτοι
1067 3134 1265 3220 ἐξαπέστελ-

146 3232 203 3299 λον
224 3233 305 3312 τοὺς
326 3229 405 3323 παρ’,
427 3233 534 3300 αὐτῶν
555 3231 671 3312 ἱππεῖς
691 3237 725 3301 Π
747 3244 796 3303 27.
819 3237 848 3302 V
871 3243 918 3304 23.
939 3238 988 3303 IV
1009 3245 1059 3308 68.
1091 3237 1182 3322 παρὰ
1204 3243 1263 3307 τοῦ

147 3329 315 3415 βασιλέως
336 3329 368 3398 oi
391 3329 589 3411 Μακεδόνες
608 3335 657 3401 IV
673 3342 726 3401 71.
748 3341 788 3404 80
810 3336 861 3401 bis
883 3347 941 3403 ete.
965 3347 1024 3403 ete.

237 3433 428 3501 Cleomenes
462 3429 644 3514 δισχιλίους
679 3428 981 3514 προςκαθοπλίοας
1013 3473 1055 3484 -
1081 3429 1262 3523 ἀντίταγμα

147 3533 215 3619 τοῖς
235 3523 317 3615 παρ’
338 3525 523 3616 Ἀντιγόνου
538 3528 755 3598 λευκάσπισιν
767 3533 850 3625 Plut.
861 3533 982 3600 Cleom.
996 3534 1123 3602 XXIII.
1139 3532 1172 3602 oi
1182 3530 1261 3621 παρ’

148 3621 350 3718 1σίμφοτιέριυν
370 3635 499 3715 μισθοῦ
522 3627 775 3716 στρατευόμενοι
797 3632 913 3711 Timol.
935 3633 1012 3701 XX.

150 3806 154 3817 ¹
230 3731 326 3815 Quae
346 3731 474 3797 dicendi
496 3734 581 3799 ratio
603 3735 724 3819 optime
745 3736 930 3821 comparari
951 3744 1057 3825 potest
1071 3757 1143 3799 oum
1157 3735 1261 3801 Fran·

150 3831 348 3918 eegallerum
366 3830 526 3898 locutione
547 3832 588 3898 de
602 3831 641 3916 la
655 3842 730 3919 part
746 3831 786 3896 de
801 3832 982 3920 quelqu’un
1002 3833 1263 3919 Disputaverunt

150 3927 187 4015 Ι(λα
207 3931 271 3996 hoe
293 3952 354 3995 usu
376 3928 618 3998 Sehoemannus
640 3932 682 3996 ad
703 3931 786 3996 Plut.
808 3930 928 3997 Oleom.
942 3954 973 4018 p.
991 3938 1050 3999 245
1072 3943 1105 3997 et
1123 3933 1261 4001 Heldius

150 4029 297 4113 sdPlut
314 4028 437 4118 ΙΤίτου-1.
459 4051 490 4116 p.
511 4036 581 4097 427.
623 4029 728 4096 Multa
754 4040 925 4119 praeterea
946 4031 1041 4097 huius
1061 4033 1260 4125 neglegentis
