2836 4784
417 390 451 446 de
468 391 791 449 dialecto-Lomensium.
1105 397 1165 462 273

63 555 152 638 Quod
177 556 220 622 ad
246 547 280 621 κ’
310 558 465 646 pertinet,
499 560 534 625 id
566 560 695 627 videtur
732 560 931 648 negligenter
966 560 1161 648 insculptum

60 678 135 722 esse.
174 656 394 724 Kirehhoffius
411 668 513 726 mutat
532 662 566 726 in
589 653 634 725 d'.
648 664 689 738 ⁶³)
776 681 779 686 ·

137 747 319 835 ἀνδιχᾶζως
343 757 400 823 Oa.
415 764 462 843 10,
485 752 521 822 oi
540 755 571 822 κ’
597 751 812 840 ἅνδιχάζωντι
834 757 886 824 τοὶ
909 753 1088 840 graetiam,
1103 761 1122 826 i.
1137 783 1164 842 e;

58 857 102 936 „in
119 856 272 944 aequales
286 857 441 923 factiones
456 859 672 926 dividuntur“.
704 861 859 927 Proxime
875 860 918 927 ad
939 852 1057 937 ἄνδιχα
1077 869 1164 925 16616

59 955 152 1020 refert
172 955 417 1024 Oeconomides.
460 958 521 1024 Est
548 960 788 1026 intransitivum
817 983 1015 1048 quamquam
1039 952 1161 1037 ὀιχάζω

60 1052 241 1141 plerumque
279 1058 449 1122 transitive
471 1067 672 1147 usurpetur:
712 1060 910 1125 intransitivi
948 1067 1057 1124 tamen
1088 1082 1164 1124 usus

61 1155 238 1244 exemplum
261 1151 749 1245 611διχαζούσης1ῆςνυκτός,
773 1158 861 1224 Suid.
885 1181 909 1224 1.
933 1182 963 1225 v.

135 1248 290 1335 olpe'ovue:
312 1254 400 1343 Hyp.
417 1261 528 1344 3211,
552 1250 647 1320 δίκαν
668 1251 804 1340 ἁρέσται
826 1252 883 1320 καὶ
903 1251 1004 1337 δόμεν
1033 1257 1164 1322 videtur

62 1351 247 1437 significare,
268 1363 304 1420 ut
324 1353 560 1421 Oeoonomides
583 1356 687 1438 donet,
711 1351 804 1441 δίκην
827 1355 943 1439 λαβεῖν
963 1351 1020 1421 καὶ
1035 1353 1161 1421 δοῦναι.

61 1445 144 1519 Idem
164 1462 272 1536 16616,
304 1453 434 1541 opinor,
468 1456 567 1520 refert
595 1456 795 1523 adverbum
817 1450 933 1541 αἳρέω,
969 1456 1045 1521 11661
1067 1477 1165 1523 sensu

61 1551 149 1630 paulo
163 1553 294 1618 diverso
309 1575 329 1617 a
343 1552 479 1638 vulgari.
513 1552 636 1620 Contra
656 1557 690 1619 in
712 1555 813 1622 altero
835 1556 929 1621 titulo
951 1566 1001 1621 est
1023 1548 1164 1635 ὲλὲσται,

60 1635 172 1716 {terve
194 1675 292 1721 sensu
312 1650 455 1739 olt‘pendv'.
498 1653 680 1742 Utrumque
707 1655 836 1721 videtur
865 1655 953 1742 apud
973 1655 1097 1720 Looros
1117 1654 1167 1719 di·.

60 1751 156 1816 versis
177 1750 469 1838 signifioationibus
491 1753 643 1821 valuisse.

136 1844 300 1931 δείλομαι,
337 1850 531 1942 compluries
564 1853 597 1916 in
628 1853 717 1940 Hyp.
749 1852 853 1917 titulo.
912 1854 1037 1918 Formo·
1065 1844 1163 1918 etiam

57 1936 230 2037 Delphica
247 1951 286 2016 of.
319 1949 415 2037 apud
436 1950 594 2016 Wesoher
625 1961 657 2016 et
683 1952 829 2016 Fouoart
855 1956 931 2032 369,
957 1957 1011 2033 103
1039 1955 1109 2034 400,
1131 1957 1159 2018 9.

57 2043 125 2129 401,
142 2054 170 2117 9.
213 2048 459 2136 Significatione
486 2050 662 2136 respondet
689 2043 866 2132 βούλομαι.
907 2051 1029 2117 Forma
1055 2050 1162 2114 notior

55 2153 108 2209 est
133 2144 288 2232 ὀήλομαι,
324 2149 364 2216 de
397 2173 461 2237 qua
480 2149 560 2216 Ahr.
582 2149 663 2218 Dor.
688 2156 755 2232 150,
785 2148 906 2215 tradite
938 2151 972 2214 in
1003 2146 1162 2235 Hesychii

52 2239 167 2321 glossis
190 2243 367 2334 ddlsodou,
392 2242 561 2334 1111161111,
583 2242 760 2334 ἐδηλόμαν,
786 2243 868 2336 dolo}
890 2241 1032 2333 (βουλή),
1053 2257 1120 2312 tum
1143 2269 1164 2312 a

51 2330 227 2413 Plutareho
248 2347 330 2414 Mor.
354 2353 425 2431 219,
448 2348 471 2413 d
488 2347 557 2424 (uhi
578 2347 738 2412 Brasidae
759 2347 966 2424 attribuitur),
989 2346 1162 2413 Theocrito

49 2430 97 2527 V,
115 2452 163 2530 27,
190 2447 324 2514 Critone
344 2447 572 2536 Pythagoraeo
600 2445 688 2534 apud
711 2445 886 2514 Stobeeum
908 2446 977 2511 Eol.
999 2445 1044 2527 Π,
1064 2451 1093 2526 7,
1115 2451 1164 2524 21,

46 2531 262 2633 Hippodamo
281 2547 371 2635 apud
392 2546 530 2612 eundem
550 2545 639 2610 Flor.
652 2545 694 2610 Π.
716 2567 790 2632 pag.
809 2550 866 2611 102
887 2546 994 2627 Mein,
1017 2544 1165 2631 Archyta

46 2633 129 2711 ibid
151 2646 176 2712 Ι.
199 2669 274 2734 pag.
295 2650 355 2729 29,
385 2645 519 2737 Timaeo
550 2643 629 2709 ibid.
651 2666 728 2730 pag.
750 2649 808 2727 94,
836 2643 964 2709 deinde
985 2646 1017 2708 in
1045 2641 1165 2708 tabulis

47 2731 183 2812 Herael.
214 2755 246 2810 61
270 2746 415 2833 inscript.
445 2744 593 2831 Oolymn
621 2741 657 2808 O.
686 2744 710 2807 I.
732 2749 823 2810 2671.
864 2742 1015 2828 Dupliois
1044 2743 1165 2827 speciei

49 2845 189 2933 oonjioio
216 2844 353 2911 eandem
383 2864 454 2909 esse
482 2844 639 2909 rationem
667 2851 763 2929 atque
788 2841 890 2907 Attici
923 2831 1164 2905 1121610161.

49 2933 182 3012 Heraol.
204 2939 321 3032 frider,
349 2933 485 3030 ἤγγειλα
514 2952 545 3007 61
573 2933 728 3027 hippotae,¹
747 2934 917 3022 βούλομαι
938 2948 970 3004 61
989 2932 1164 3019 dedinent,-

52 3058 135 3125 quae
153 3067 254 3133 quum
277 3045 435 3131 originem
458 3040 680 3108 communibus
699 3039 814 3105 formis
834 3035 948 3101 stello
972 3029 1164 3115 (1161116111-

55 3130 157 3221 ἕλλω,
182 3145 224 3211 ef.
246 3135 419 3228 ἆ-ολλής),
446 3133 628 3224 typo-la„
653 3134 822 3222 βόλλομαι
842 3137 995 3220 debeant,
1019 3136 1165 3202 adducor

55 3244 95 3298 ut
116 3245 212 3308 etiam
240 3235 414 3326 δείλομαι,
442 3234 584 3326 ellopiae
614 3238 657 3305 ad
683 3240 793 3304 fiotum
821 3224 985 3318 δέλλὸμαι
1016 3236 1163 3301 referam.

54 3329 135 3407 Nam
157 3344 188 3408 ei
209 3345 245 3408 in
266 3341 384 3430 quibus
407 3333 550 3427 δήλομαι
572 3339 733 3425 profertur
747 3338 850 3403 fontes
866 3339 976 3401 omnes
992 3335 1164 3399 severioris

52 3424 188 3508 Doridis
217 3449 308 3522 sunt,
335 3442 398 3506 nisi
425 3463 523 3506 unum
550 3438 674 3525 excipis
697 3436 923 3517 Theocritum,
952 3436 1044 3520 isque
1066 3453 1164 3520 quum

49 3529 496 3625 11116161κῶρος(κόρ-1“6ς,
519 3532 648 3620 κόρρος)
670 3546 701 3600 61
718 3535 835 3602 similia
856 3556 938 3620 quae
960 3531 1002 3599 ad
1025 3531 1164 3596 severio·

44 3635 698 3721 Γ(111111111111111111161111111,11111(111611
720 3634 836 3700 mirum
851 3633 990 3703 videtur.
1025 3629 1164 3710 Quaeris

42 3770 262 3804 ΧΨ...

118 3894 163 3952 53)
181 3887 304 3944 Pulchre
321 3886 414 3941 omniu
431 3884 628 3951 enodarentur,
640 3853 675 3936 si
697 3881 792 3936 liceret
813 3879 919 3952 fingere
936 3876 1051 3930 verbum
1068 3875 1164 3930 ἀδικο-

34 3961 361 4038 συὶόω,11111111611111
379 3969 535 4036 ἀδικοσυλῷ
553 3965 805 4038 proeonjunotivo.
842 3961 961 4018 Omnino
985 3959 1112 4014 renititur
1130 3959 1165 4014 si*

30 4043 207 4126 ssflifieotim
226 4056 276 4112 sed
293 4054 327 4111 of.
345 4053 424 4124 ῥιόω,
440 4050 537 4126 produ
554 4049 739 4119 intransitiva.
839 4116 844 4123 ⁴
1057 4068 1060 4073 ·
