2836 4784
468 367 502 424 de
519 368 636 426 dialecto
654 371 842 430 Locrensium.
1073 405 1082 436 ·.
1148 380 1206 444 261
1281 358 1287 369 Ι

183 540 340 604 Dativum
376 539 417 625 pl.
454 539 569 605 tertiae
602 541 827 606 declinationis
867 543 1090 611 terminatione
1118 565 1209 608 -εσαι

119 639 211 726 paulo
239 641 402 727 antiquius
418 651 480 710 ¹est
507 629 644 706 Heraol.¹
665 648 789 725 -ooorl,
817 666 899 730 quae
928 668 986 730 per
1013 655 1116 710 totum
1141 646 1209 710 fere

119 741 289 804 lorismum
320 739 545 826 praevalebat,
574 742 670 804 etiam
698 743 731 805 in
758 745 865 826 prisea
892 742 1003 828 lingua
1030 745 1210 810 Locrorum

119 863 195 903 ,snm
217 863 287 904 esse
309 864 372 905 non
395 840 505 906 dubito
528 840 700 923 affirmare,
724 841 858 906 docente
879 843 998 930 Delph.
1022 845 1058 911 O.
1139 851 1208 927 688,

119 933 385 1020 ερομναμόινεσσι,
421 934 590 1015 ιιιίνιέσαι,
626 951 656 1003 et
688 940 779 1003 titulo
813 949 852 1009 46
884 945 917 1006 in
950 943 1055 1008 Curtii
1118 945 1209 1009 need.

119 1039 230 1125 >elph.,
253 1036 287 1101 ἐν
310 1033 468 1103 πάντεσσι
490 1040 560 1113 τοῖς
584 1030 751 1119 ἀγώνισαι.
787 1040 829 1104 At
843 1042 1005 1128 Delphica
1021 1053 1052 1108 et
1065 1044 1210 1109 Aetolica

119 1139 232 1203 ialeoti
254 1140 441 1225 plerumque
462 1139 708 1223 metaplasmum
740 1141 772 1203 in
801 1140 879 1206 deol.
899 1142 932 1205 II
960 1143 1148 1227 admittunt,
1177 1153 1212 1207 ut

119 1241 197 1325 tirpi
219 1242 357 1304 nominis
383 1239 509 1324 syllaba
531 1261 600 1313 -οις
622 1239 764 1303 aooodat·
807 1240 859 1304 De
881 1241 943 1306 bac
973 1244 1078 1306 forma
1101 1244 1209 1329 dispu-

119 1361 214 1403 avere
235 1339 313 1406 Ahr.
336 1340 426 1405 Aeol.
451 1338 520 1419 236,
543 1339 622 1402 Dor.
639 1344 714 1419 2303
737 1338 774 1402 E.
793 1338 934 1422 Curtius,
957 1342 1078 1406 Aneod.
1093 1342 1211 1430 Delph.

119 1461 176 1525 rag.
200 1445 257 1520 903
285 1439 424 1525 analoga
452 1438 611 1524 quaedam
642 1439 765 1524 profert
787 1438 825 1503 G.
850 1441 980 1505 Curtius
997 1442 1031 1505 in
1059 1440 1142 1506 libro
1172 1442 1212 1505 de

119 1562 185 1604 om.
209 1537 267 1602 Gr.
290 1541 392 1620 form,
415 1562 490 1625 pag.
520 1545 646 1603 13—15.
690 1536 756 1600 Vix
787 1538 851 1600 alia
878 1540 982 1603 forma
1010 1548 1059 1603 est
1080 1541 1114 1605 in
1135 1541 1212 1604 Del-

119 1638 223 1720 ›hiois,
252 1637 308 1702 ubi
329 1639 410 1724 legis
432 1637 710 1702 innumerabiliter
738 1631 851 1711 ἕιὲαις,
877 1629 1034 1718 dystense,
1064 1636 1214 1715 (διικὲαις

119 1732 233 1818 aptore,
260 1730 394 1819 ίίνδροις
416 1748 476 1804 eto.
511 1738 596 1802 Eam
616 1739 729 1803 Locris
753 1760 822 1800 oum
847 1736 986 1820 Delphis
1011 1750 1212 1804 communem

119 1839 203 1900 uisse
224 1847 384 1903 testantur
413 1832 577 1917 μειόααις,
612 1838 668 1902 Oz.
692 1844 745 1917 14,
774 1846 805 1899 et
828 1831 1022 1912 Χαλειέοις,
1052 1837 1140 1924 Hyp.
1165 1845 1213 1903 47.

119 1935 200 2000 lnde
231 1946 318 2000 reete
349 1938 434 2002 haud
467 1961 601 2024 parvam
630 1938 852 2023 antiquitatem
884 1936 958 1999 huio
979 1938 1060 2001 mori
1081 1937 1213 2004 tribues,

119 2034 259 2100 lhrensii
286 2039 452 2119 sententia,
481 2037 543 2100 hoo
567 2058 618 2111 οις
639 2058 681 2099 ex
703 2056 787 2118 εσσι,
810 2055 885 2097 ασσι
908 2045 1020 2100 natum
1042 2058 1128 2118 esse,
1150 2059 1215 2100 non

119 2144 153 2199 st
174 2135 354 2220 probanda.

190 2235 423 2300 Aeerrsativum
447 2235 526 2300 deol.
548 2235 581 2300 ΙΙ
604 2258 702 2322 quum
725 2243 812 2300 certe
834 2234 921 2321 apud
938 2234 1214 2322 Hypoonemidios

119 2358 169 2400 um
197 2334 410 2421 probabiliter
434 2333 521 2420 apud
544 2335 664 2400 Ozolas
686 2336 719 2398 in
742 2356 798 2408 αις
818 2334 968 2417 desiisse,
992 2344 1136 2398 notatum
1158 2344 1214 2398 est.

188 2437 328 2521 Appono
357 2435 535 2519 specimina
570 2434 729 2520 quaedam
758 2435 1091 2519 frequentissimorum
1119 2434 1214 2497 deeli-

119 2537 246 2600 rationis
268 2557 432 2618 generum,
455 2536 546 2598 unois
559 2534 694 2597 inclusis
714 2534 827 2597 formis
850 2555 986 2618 quarum
1010 2557 1087 2598 casu
1109 2555 1215 2597 exem-

119 2634 192 2698 rlum
223 2633 343 2699 nullum
374 2626 405 2696 in
437 2633 539 2698 titulis
567 2632 700 2718 legitur,
733 2633 773 2696 de
799 2631 916 2718 quibus
946 2642 1052 2696 autem
1075 2632 1215 2696 dubitari

119 2757 168 2799 ron
192 2741 306 2818 potest.
815 2758 818 2764 ·

133 2840 137 2844 ’
187 2831 403 2896 Declinantur
425 2832 543 2917 stirpes
566 2839 719 2894 exeuntes
741 2831 774 2892 in

172 2934 230 2996 A:
253 2924 340 3013 δίκα,
355 2924 460 3006 δίκας,
480 2924 568 3014 δίκᾳ,
587 2923 702 3004 δίκαις
726 2923 829 3004 δίκαι,
850 2928 953 3003 dessein,
977 2923 1095 3011 δίκαις,
1113 2923 1215 3005 δίκας.

250 3024 391 3113 ἡβαιαίς,
423 3023 552 3115 qdoaoi,
579 3023 698 3115 ἢβαιᾷ,
733 3021 874 3114 {dunelm
910 3024 1045 3115 ἠβαιαί,
1078 3023 1213 3116 aaaron,

250 3123 397 3213 ἦβαταῖς,
417 3123 550 3215 ἡβαιοίς.

178 3233 226 3295 0:
251 3229 363 3310 δᾶμος,
389 3224 494 3308 δάμω,
519 3222 627 3313 διίμῳ,
653 3227 777 3308 (lepor,
801 3225 916 3307 δᾶμαι,
936 3221 1060 3310 δαίμων,
1085 3220 1214 3306 διίμοις,

222 3325 387 3409 ζ’δάμους.

188 3433 207 3492 Ι
215 3453 222 3495 :
246 3425 363 3504 πόλις,
387 3422 524 3503 πόλιος,
547 3423 646 3510 πόλι,
668 3423 768 3491 πόλιν
777 3451 786 3503 ,·
816 3420 959 3506 [πόλιες,
985 3421 1128 3502 πολίων,
1152 3447 1216 3486 πο-

250 3523 346 3603 λίαις,
371 3521 513 3607 πόλιας].

154 3630 228 3692 ΕΥ;
254 3619 415 3701 λἀλειεύς
449 3621 627 3713 [Χαλειὲος
662 3624 811 3711 Χαλειιῖ]
847 3619 1015 3700 Χαλειέας
1052 3621 1215 3699 Χαλειεῖς,

255 3722 438 3802 Χαλιιέιαιν,
464 3722 652 3802 λάλειίοις,
674 3721 875 3812 [Χαλειέας].

177 3830 209 3891 Δ
220 3851 229 3891 :
248 3827 332 3900 -ιιαῖς
354 3823 500 3905 [παιδός,
522 3819 635 3904 παιδί]
658 3825 782 3900 παῖδας
805 3824 946 3904 [notare
971 3820 1114 3898 παιδιῦν,
1138 3815 1237 3884 rroa'-¹

251 3923 333 4000 δαις,
355 3924 498 4006 παῖδας].

158 4025 229 4088 ΕΣε
252 4019 362 4100 Feros,
388 4019 515 4105 Fe‘aeog,
539 4021 675 4112 [saneah
699 4017 802 4085 Fe'aeoc
827 4015 976 4107 [Feaa'ooa
1000 4015 1157 4108 Feae'oogl.
