2836 4784
486 361 520 418 de
538 361 656 418 dialecto
674 361 862 419 Locrensium.
1164 370 1224 434 253

145 554 192 596 sax.
208 531 289 611 bore)
314 553 396 618 quae
418 530 569 614 know)
597 533 698 595 tmere
722 543 846 613 sonant,
869 541 901 595 et
923 554 981 617 ego
1003 531 1163 617 permulta
1184 535 1224 596 si·

143 631 207 695 nilis
234 633 320 696 sicut
345 629 469 712 lewense,
496 631 601 715 bwope
634 655 693 717 pro
721 633 816 713 borna
853 631 938 714 bope,
967 633 1050 694 inter
1080 631 1225 696 homines

143 740 256 814 agrestes
286 752 519 816 saepenumero
549 733 619 816 ipse
650 732 769 795 audivi.
813 729 923 793 Simile
953 729 1030 816 quid
1049 733 1158 795 nescio
1180 754 1221 795 an

142 829 231 893 factum
257 830 298 893 sit
319 831 353 893 in
375 830 517 894 dialecto·
538 829 724 912 Ozolarum,
748 853 809 916 quo
832 823 1135 906 efficeretur‘fda05
1157 840 1225 894 tum

142 937 164 991 nt
183 927 288 992 eadem
319 931 489 1015 inscriptio
518 951 669 1013 asperum
700 931 734 993 in
763 922 794 991 oi
818 930 1007 1015 pronomine
1030 931 1156 1006 omittit,
1179 931 1224 993 ita

139 1049 183 1090 non
200 1030 311 1091 mirum
334 1023 478 1092 osteum
501 1029 596 1090 etiam
621 1028 654 1089 in
668 1023 744 1089 friat
758 1028 939 1112 neglectum
962 1051 1041 1092 esse.
1079 1028 1219 1093 Omnino

142 1127 258 1190 vocalem
281 1149 298 1189 o
321 1127 459 1191 libenter
482 1127 544 1190 sibi
565 1151 583 1188 o
605 1127 656 1190 vel
679 1152 702 1189 u
724 1127 923 1208 adsciscere,
944 1138 1055 1191 notum
1077 1138 1141 1191 eat:
1164 1127 1222 1191 lin-

143 1245 185 1307 gua
200 1226 392 1290 Germanica
413 1235 505 1306 vetus
526 1248 763 1312 nonnumquam
787 1249 827 1290 ex
849 1250 867 1288 0
889 1226 994 1289 effecit
1014 1249 1064 1307 ao,
1088 1226 1173 1313 quod
1190 1229 1223 1290 in

141 1320 223 1408 lingua
242 1327 372 1389 novicia
394 1327 427 1389 in
449 1350 472 1389 u
494 1325 588 1389 abiit:
612 1324 709 1390 Goth.
728 1327 828 1410 fotae,
844 1324 951 1389 Germ.
977 1335 1041 1389 vet.
1053 1327 1139 1410 fuce,
1160 1346 1225 1389 rec.

139 1420 197 1504 fuss.
236 1423 304 1488 Nec
328 1447 420 1488 secus
442 1427 476 1487 in
497 1424 608 1509 lingua
634 1425 750 1488 Italica
772 1434 900 1488 recente
925 1424 1066 1511 quidque
1086 1448 1103 1487 o
1124 1424 1224 1488 breve

142 1521 203 1605 quod
227 1522 366 1609 simplex
394 1525 536 1610 sequitur
570 1546 711 1588 consona
735 1549 758 1587 u
783 1524 846 1588 sibi
883 1524 1079 1588 adsociavit:
1115 1546 1223 1605 nuovo,

141 1621 239 1703 tomba}
261 1645 281 1685 a
301 1623 374 1687 Lat.
396 1627 504 1705 wotos,
525 1622 670 1685 domabas
718 1701 724 1712 ι

623 1909 643 1987 ἓ
668 1915 713 1973 ll.

542 2057 598 2120 De
626 2057 793 2141 spira’tu.

201 2210 221 2268 l.
263 2203 404 2290 Spiritus
433 2229 530 2292 asper
559 2209 691 2293 proprie
722 2206 826 2271 locum
854 2206 952 2270 habet
982 2206 1037 2270 ubi
1059 2207 1093 2269 in
1112 2205 1219 2270 fronte

138 2301 260 2377 vocabuli
274 2303 312 2385 F,
327 2324 356 2386 o,
371 2306 390 2389 j
408 2307 552 2368 evanuit:
577 2305 661 2368 hanc
676 2306 833 2389 originem
855 2306 953 2369 habet
974 2307 1009 2369 in
1031 2305 1118 2368 hisce
1136 2327 1219 2391 quae
1266 2313 1268 2317 ’

138 2391 273 2466 intitulis
300 2398 423 2468 nostris
452 2404 615 2489 leguntur:
647 2399 772 2489 ἡβατάν
804 2405 906 2483 (Ourt.
934 2405 1042 2491 Etym.
1072 2407 1153 2486 538),
1186 2397 1223 2465 ὁ·

140 2496 187 2567 (rel.
205 2503 325 2590 stirps),
347 2512 415 2566 tum
439 2504 659 2568 verisimiliter
685 2505 718 2566 in
741 2496 855 2565 ἑκατόν
875 2504 975 2590 (Hyp.
1000 2509 1060 2586 13),
1082 2497 1191 2580 ὃπλόξ
1206 2537 1223 2552 -

141 2610 183 2673 νος,
202 2594 275 2684 ὑπό,
300 2597 426 2684 ὅρκος.·

196 2705 221 2765 2.
264 2702 308 2765 At
342 2703 476 2788 spiritus
511 2726 626 2789 asper,
668 2725 761 2789 quem
791 2702 930 2787 primum
966 2702 1152 2765 distinctum
1183 2722 1222 2765 ac

136 2811 245 2874 gravem
267 2824 380 2866 sonum
403 2801 562 2867 habuisse
580 2805 818 2877 existimamus,
847 2801 1002 2886 paulatim
1021 2801 1055 2863 in
1077 2800 1146 2863 dies
1168 2799 1221 2863 de·

138 2887 318 2975 bilitabatur3
339 2911 474 2986 propter
496 2902 579 2966 h'ano
601 2924 734 2966 causam
752 2902 845 2965 Iones
860 2900 975 2963 Asiani
997 2900 1131 2986 antiquo
1145 2908 1222 2962 tem-

136 3007 196 3074 pore
216 3002 342 3086 signum
352 3002 392 3061 H
399 3003 438 3065 in
459 3002 558 3066 alium
580 3024 675 3066 usum
698 3009 874 3082 verterunt,
897 3000 1018 3064 scilicet
1041 2999 1118 3084 quia
1139 3021 1221 3084 opus

135 3107 182 3159 ¹101]
208 3122 277 3165 esse
311 3100 472 3166 ducebant
500 3103 663 3189 scriptura
695 3100 866 3184 designare
896 3100 1127 3184 spiramentum
1155 3107 1222 3160 tam

135 3182 188 3259 leve
206 3209 242 3289 ut
264 3209 371 3263 mutas
394 3200 626 3286 praecedentes
649 3223 713 3263 non
735 3199 893 3280 afficeret,
914 3221 988 3262 nam
1013 3198 1053 3261 de
1074 3197 1223 3261 absoluta

135 3292 224 3368 psilosi
244 3322 311 3364 non
331 3298 407 3363 licet
437 3302 597 3384 cogitare;
625 3321 686 3363 nec
714 3297 801 3362 aliud
827 3297 949 3361 factum
975 3318 1045 3361 esse
1071 3306 1221 3383 putamus

134 3382 161 3449 in
175 3395 277 3462 Attica
306 3397 436 3484 lingua,
464 3402 615 3486 quoniam
645 3408 719 3485 post
745 3394 913 3460 Euclidem
943 3396 1130 3460 archontum
1157 3418 1223 3459 non

134 3495 250 3577 anplius
273 3520 333 3584 pro
356 3499 538 3563 necessario
565 3498 739 3562 haberetur
767 3496 915 3581 spiritum
938 3495 1046 3560 littera
1066 3494 1221 3558 indicare.

132 3573 215 3659 Ptulo
236 3599 444 3682 integriorem
463 3607 636 3662 servarunt
657 3597 763 3662 Dores
786 3617 899 3658 sonum
930 3617 1096 3681 asperum,
1119 3593 1221 3655 maxi-

132 3726 323 3760 Ἂ-
389 3687 392 3693 .

183 3845 221 3911 42)
227 3844 311 3900 Nunc
316 3845 477 3918 plerumque
485 3862 595 3902 reversa
604 3851 646 3900 est
651 3845 839 3916 pronuntiatio
853 3844 935 3913 hujus
944 3843 1019 3896 vocis
1031 3841 1067 3896 ad
1080 3838 1234 3909 antiquius'

131 3905 361 4001 i⁰1⁴2,quamquam
378 3935 464 3987 whole
482 3931 616 3986 scribitur.
652 3930 759 3983 Tamen
776 3947 801 3982 w
817 3929 946 3983 distincte
967 3925 1140 3980 enuntiatum
1162 3939 1222 3993 per·

131 4003 179 4072 οθίὶῑ
194 4028 210 4065 a
226 4016 368 4068 nonnullis
385 4015 433 4085 qui
451 4017 481 4069 in
499 4014 603 4085 Anglia
619 4012 827 4083 septentrionali
844 4016 964 4065 aetatem
981 4010 1123 4080 degerant.
1140 4021 1142 4024 ’

172 4103 303 4169 eortius,
319 4111 420 4153 Studien.
436 4112 477 4152 111.
503 4103 506 4108 ’
865 4124 870 4132 ·
978 4096 1014 4147 ’17
