2836 4784
422 395 425 401 .
523 357 558 412 de
575 357 730 412 nominibus
746 356 871 429 propriis.
1191 366 1247 430 tbi

171 561 191 626 p.
214 547 269 610 182:
298 541 419 607 formas
454 542 489 606 in
508 531 542 606 is
562 565 621 629 pro
645 531 697 609 ius
720 552 873 608 exeuntes
896 543 1008 609 eadem
1031 544 1250 609 contractione

171 648 231 705 ortas
249 663 315 705 esse
336 663 401 726 qua
420 640 493 705 luas
513 642 582 706 casa
601 642 647 707 eis
662 666 704 708 ex
722 641 818 728 lupas
838 643 932 727 cujus
952 644 1031 729 ejus,
1052 641 1153 730 mapa
1172 642 1253 708 sous

171 739 299 827 suaptim
322 739 442 823 sabba,
476 752 647 827 postquam
673 732 845 808 dvocalis
868 764 927 828 per
948 741 1110 828 quandam
1138 741 1249 807 volun·

168 841 253 905 tariam
287 840 475 905 affinitatem
499 840 916 922 (‚Wahlverwandtschaft‘)
937 829 1066 906 inter's
1092 851 1123 907 et
1138 830 1166 908 'i
1183 832 1250 907 ini

166 939 278 1032 vocalem
299 949 482 1026 permutata
511 941 566 1014 sit;
594 941 716 1006 ibidem
737 964 766 1027 p.
790 946 865 1008 354:
900 962 1033 1006 causam
1059 939 1145 1006 illius
1175 963 1249 1005 con·

166 1040 301 1104 tractionis
321 1036 393 1104 esse
415 1041 628 1129 antiquiorem
652 1041 810 1105 sermonis
824 1038 933 1104 Latini
956 1049 1132 1123 accentum,
1155 1063 1250 1129 quem

165 1138 234 1202 etiam
262 1139 289 1202 si
313 1136 441 1224 syllaba
470 1138 668 1226 paenultima
696 1139 856 1227 producta
885 1147 1031 1204 esset-
1057 1139 1117 1204 fuit
1142 1148 1250 1204 autem

165 1235 218 1301 olim
243 1237 402 1325 producta
436 1239 471 1304 in
501 1237 629 1305 Clodius
661 1238 883 1323 similibusque
912 1277 949 1286 —
978 1238 1252 1326 antepaenultima

164 1356 291 1423 usurpare
319 1347 445 1426 posset,
478 1341 630 1427 quoniam
656 1361 674 1404 e
703 1336 846 1422 Clodius,
876 1361 941 1403 non
969 1361 1047 1403 vero
1075 1361 1092 1403 e
1116 1335 1253 1404 (iodim

163 1444 245 1502 natum
286 1447 373 1503 esset
404 1436 516 1503 Cadit.
567 1439 659 1504 Idem
695 1438 764 1502 tum¹
796 1436 948 1502 disseruit
980 1436 1020 1503 de
1049 1438 1100 1502 his
1137 1439 1250 1505 formis

162 1531 267 1614 ‚Kala's
286 1536 479 1624 Zeitschm‘ft‘
497 1539 538 1622 V,
560 1545 616 1622 88,
637 1538 779 1604 referens
792 1525 829 1602 bs
857 1538 1113 1604 terminationem
1136 1538 1178 1604 ad
1199 1526 1251 1629 iij-a

162 1630 368 1729 §mseriticam
393 1636 577 1726 Oscamque
599 1641 668 1727 ejus
690 1638 848 1703 vicariam
870 1625 956 1726 is‘jiJ
967 1660 985 1702 e
1001 1636 1117 1725 quibus
1137 1649 1251 1726 postea

162 1734 189 1798 iis
211 1724 234 1802 is
252 1738 495 1803 terminationes
518 1741 722 1825 correptione
744 1739 864 1802 sensim
877 1748 967 1802 ortae
981 1747 1097 1816 essent,
1120 1738 1251 1823 quibus·

163 1855 215 1900 eun
239 1858 408 1924 compares
441 1836 538 1902 velim
569 1859 652 1924 quae
683 1837 769 1901 idem
799 1836 933 1923 protulit
963 1836 1085 1901 ibidem
1115 1837 1178 1902 vol.
1199 1837 1251 1902 IX

163 1956 184 2021 p.
202 1941 257 2006 149.
298 1937 421 2002 Iterum
454 1934 498 2001 ad
527 1936 586 2002 has
616 1937 737 2002 formas
770 1958 921 2001 reversus
953 1937 987 2000 in
1017 1935 1124 2001 libello
1155 1958 1251 2026 quem

165 2036 315 2124 appellavit
344 2033 516 2120 ,Kniaoae
534 2034 752 2124 Beitrc‘ipezur
763 2035 816 2101 lat.
826 2034 1051 2101 Formenlehre*
1068 2058 1098 2123 p.
1109 2044 1168 2106 562
1182 2059 1251 2127 sqq.

165 2135 555 2201 contenditdeclinationem
568 2135 657 2201 illam
672 2133 920 2201 reconditiorem
926 2135 1076 2219 Latinam
1084 2135 1252 2202 Bitschclii

166 2237 266 2302 omnino
296 2259 362 2303 non
384 2236 555 2300 exstitisse.
589 2236 755 2301 Postremo
777 2233 863 2299 idem
890 2256 1007 2299 novam
1035 2235 1123 2298 viam
1150 2235 1251 2323 expli·

166 2335 234 2401 andi
252 2337 358 2422 magis
385 2337 544 2401 indicavit
572 2357 666 2423 quam
689 2336 854 2420 ingressus
877 2344 926 2399 est
946 2336 980 2399 in
1002 2333 1152 2401 editionis
1175 2334 1252 2402 alte·

167 2433 212 2499 rius
234 2436 306 2502 libri
334 2458 435 2524 supra
462 2438 631 2501 memorati
661 2434 701 2500 de
728 2435 990 2522 pronuntiatione
1022 2442 1053 2498 et
1080 2458 1110 2522 q.
1134 2458 1158 2501 s.
1186 2458 1251 2501 ser-

169 2536 240 2600 mnis
261 2536 371 2602 Latini
392 2534 553 2601 volumine
576 2536 682 2622 primo
706 2533 833 2599 duobus
857 2533 986 2622 quidem
1013 2531 1092 2599 locis
1100 2539 1108 2614 3
1137 2557 1168 2622 p.
1192 2540 1252 2604 289

120 2622 127 2640 ’
167 2639 266 2700 ttnota
287 2658 317 2722 p.
340 2640 410 2703 758.
453 2633 518 2699 Ubi
544 2634 612 2700 fere
638 2635 718 2700 haee
740 2633 886 2698 exhibet:
922 2642 958 2698 ut
978 2633 1118 2698 Romani
1146 2643 1253 2700 aetate

167 2726 358 2817 Gracchorum
386 2733 427 2799 ab
458 2733 553 2799 Oscis
582 2732 785 2819 Sabellisque
810 2753 932 2797 morem
965 2733 1149 2820 acceperint
1176 2755 1252 2821 pro-

166 2825 266 2899 ductam
295 2832 440 2899 vocalem
462 2833 625 2919 geminata
652 2831 760 2897 littera
786 2830 959 2913 reddendi,
987 2832 1034 2895 ita
1060 2832 1252 2897 verisimilli-

165 2947 227 2999 mum
244 2958 314 3001 esse
334 2934 409 2999 hinc
430 2934 551 3000 formas
573 2932 645 2998 illas
667 2940 832 3020 correptas
861 2932 895 2995 in
917 2919 951 2996 is
971 2916 1040 2995 eti
1058 2967 1099 2977 —
1120 2940 1156 2996 ut
1180 2930 1251 3000 Gor-
1354 2948 1359 2964 ‘

164 3029 220 3095 uls
237 3044 267 3100 et
288 3032 414 3099 Omma
443 3033 690 3120 inscriptionum
713 3055 773 3119 pro
799 3029 962 3097 ommim
979 3069 1021 3078 -
1042 3040 1197 3097 exeuntes
1218 3033 1253 3098 in
1351 3118 1354 3127 ι

164 3143 316 3199 termonem
339 3142 370 3198 et
392 3135 586 3220 scripturam
607 3131 789 3196 Romanam
809 3132 979 3196 invasisse.

225 3299 328 3382 Quum
342 3322 421 3365 vero
435 3299 493 3365 tali
515 3309 547 3364 et
567 3307 658 3363 tanta
673 3297 893 3385 discrepantia
909 3300 1095 3385 opinionum
1109 3300 1253 3365 virorum

162 3385 396 3465 doctissimorum
423 3421 643 3473 moneremur,
674 3407 709 3462 ut
739 3399 1025 3484 circumspectione
1058 3422 1181 3463 summa
1209 3398 1252 3463 ab

161 3484 317 3566 beonsulto
341 3498 462 3586 judicio
486 3497 736 3580 abstineremus,
760 3499 949 3586 priusquam
968 3506 1069 3563 totam
1093 3500 1252 3583 quaestio·

160 3602 216 3656 ¹¹01ss
236 3621 376 3665 essemus
395 3599 600 3685 perscrutati,
624 3597 709 3661 hunc
726 3596 872 3661 ordinem
885 3598 1011 3684 primae
1033 3598 1136 3684 partis
1158 3596 1253 3685 hujus

157 3679 365 3777 disputationis
387 3699 594 3775 instituimus,
616 3706 650 3760 ut
666 3699 804 3784 primum
821 3696 972 3784 exempla
994 3698 1067 3784 ipsa
1088 3717 1252 3759 enumera-

152 3798 259 3873 femus
289 3795 407 3863 deinde
440 3796 481 3861 de
515 3795 650 3883 singulis
680 3795 878 3882 singulorum
905 3795 1086 3876 sententiis,
1118 3793 1196 3881 quid
1218 3795 1253 3858 in

150 3894 237 3959 unam
266 3918 428 3985 quamque
456 3904 565 3983 posset
587 3896 728 3982 proferri
751 3905 782 3962 et
801 3919 864 3984 quo
886 3906 998 3983 posset
1017 3916 1083 3960 una
1107 3914 1253 3981 quasque

147 3969 277 4072 defendi
293 4017 538 4084 exponeremus.
