2836 4784
500 361 534 416 de
551 361 669 417 dialecto
687 363 875 420 Locrensium,
1183 368 1243 430 215

171 531 209 592 vix
227 528 350 614 cogitari
378 552 475 617 posse
502 530 543 595 de
571 531 696 597 colonia
726 556 763 596 eo
792 532 931 597 doduoiu
953 533 1029 619 juro
1058 530 1245 595 observavit

172 628 383 695 Oeconomides.
426 630 537 715 Itaque
560 641 633 695 anto
656 631 705 696 Ol.
728 635 777 712 81,
801 639 819 698 2
843 629 969 696 vidotur
987 631 1108 695 incisus
1131 653 1210 694 osso.

226 727 256 791 In
283 728 421 793 citandis
450 729 500 794 his
526 731 627 794 titulis
634 780 643 813 ‚
676 732 831 816 priorem,
863 754 961 817 quum
989 732 1092 793 minus
1121 738 1245 793 oonstot

168 824 288 891 Chaleino
314 850 356 891 an
379 826 565 895 Oeanthoae
593 832 649 913 sit,
681 831 795 894 litteris
827 830 891 902 Oa,
918 829 1052 894 altorum
1085 829 1168 912 lap.
1190 829 1244 892 do·

167 926 340 1010 signabimus.

225 1033 247 1089 7.
284 1026 452 1093 Postremo
474 1051 538 1093 non
565 1027 666 1092 doboo
683 1027 845 1097 oblivisci
875 1027 956 1092 duas
985 1027 1101 1092 breves
1130 1026 1243 1090 inscri-

166 1124 261 1207 ptionos
291 1126 323 1190 in
354 1127 525 1192 ruderibus
557 1129 733 1193 Locrorum
761 1128 850 1191 urbis
880 1127 1012 1191 ltaliuao
1045 1128 1244 1211 ropertas‚⁶)

166 1221 220 1288 Ol.
233 1231 315 1307 5769,
340 1228 374 1290 in
394 1249 483 1309 vaso,
505 1228 989 1299 Alva'fflr'KAu'l’Arfflrur,
1014 1216 1183 1309 ἀνέθηκαν
1203 1228 1246 1309 τᾷ

165 1322 298 1405 iugum.
308 1333 399 1409 5769,
411 1328 437 1403 b,
449 1329 482 1391 in
498 1337 603 1392 statua
615 1350 718 1413 parva
733 1349 833 1390 aonoa
851 1327 1045 1389 ‹I›l'i'N()2J.
1068 1327 1149 1388 Sunt
1165 1326 1243 1388 sistis

164 1423 274 1509 antiqua,
298 1424 356 1490 sed
372 1449 391 1490 a
408 1427 522 1492 Locris
544 1427 660 1493 ducere
681 1427 836 1512 originum
859 1449 923 1489 nou
945 1427 1046 1490 ausim
1071 1425 1244 1489 affirmare.

653 1582 672 1658 ξ
696 1582 723 1642 3.

521 1694 574 1759 De
601 1694 849 1757 litteratura.

226 1816 246 1872 l.
281 1811 421 1874 Formae
449 1809 643 1893 litterarum,
672 1832 752 1897 quas
782 1812 933 1897 antiquae
956 1809 1110 1874 oxhibout
1131 1808 1243 1870 inseri-

159 1904 269 1990 ptionos‚
289 1909 350 1973 hau
374 1918 461 1973 sunt:

113 3936 314 4076 [Qtussiiegssel.
334 3944 411 4007 5770,
429 3940 529 3993 ibidem
549 3940 689 3994 effossum:
709 3942 777 4009 καλὴ
796 3941 887 4003 δοκεῖς
912 3942 940 3994 in
959 3955 1039 4004 vaso,
1065 3937 1186 3989 Atticum
1206 3939 1243 3991 vi-
