2836 4784
423 337 459 392 de
475 338 681 410 praepositione
699 333 785 410 nupsi.
1143 344 1181 407 91

66 497 411 584 παραδεικνύναι
442 503 653 574 Isocrateum.
702 505 771 572 Res
815 505 1034 594 comparando
1064 507 1181 572 ueteris

68 602 180 669 melior
214 615 348 691 reperta
382 606 551 694 exemplar
583 606 637 688 fit,
674 606 760 671 unde
795 600 1008 688 παράδειγμα
1044 614 1077 670 et
1111 627 1183 692 per·

71 701 167 767 multa
198 703 345 770 eiusdem
376 704 487 793 stirpis
517 704 679 771 voeabnlu
708 706 793 772 hune
819 727 948 771 sensum
978 712 1184 791 aeceperunt.

73 805 367 886 παραθεωρεῖν
393 799 428 868 τί
452 827 517 868 τινι
536 805 588 870 vel
610 799 696 887 πρός
714 827 757 872 τι.
788 805 1110 887 παραθεᾶσθαι.
1144 795 1185 866 τό

74 896 151 983 μέγα
171 904 223 987 aqi
241 906 352 989 μικρῷ
372 905 658 988 παραμετρεῖν
683 905 818 971 Luciam
840 927 899 991 pro
925 906 1023 990 imag.
1045 903 1130 968 XXI
1150 912 1183 971 et

78 1001 155 1066 nullo
188 1022 271 1068 essu
298 1004 444 1087 adieoto,
471 1003 529 1070 sed
555 1003 653 1092 plane
679 1002 790 1068 eodem
820 1025 916 1069 sensu
943 1002 1027 1068 Plat.
1049 1002 1183 1067 Theaet.

84 1107 139 1167 154.
159 1101 201 1168 A.
223 1102 261 1166 B.
313 1102 528 1190 Exemplar-ia
556 1104 678 1189 scripta
706 1123 937 1188 reeognosoere
972 1111 1005 1167 et
1037 1103 1121 1166 inter
1148 1123 1183 1166 se
1273 1186 1276 1192 .

12 1224 15 1229 ·
85 1201 219 1265 eonferre
239 1200 392 1268 dixerunt
411 1201 533 1268 Graeoi
555 1198 973 1286 nuquvuyiyuuluxeur
993 1200 1082 1266 velut
1099 1199 1183 1266 Plat.

10 1321 12 1332 ·
87 1298 203 1366 'lheaet
233 1307 292 1368 172
312 1303 349 1367 u.
381 1300 467 1390 quod
496 1324 555 1368 nos
586 1300 725 1367 dicimus
752 1300 1018 1383 ,collationieren‘
1049 1301 1088 1366 oi.
1120 1300 1183 1365 Lo·

91 1398 222 1464 beokium
248 1399 290 1465 ad
311 1399 434 1488 Phryn.
456 1422 486 1487 p.
508 1405 578 1470 278.
1004 1396 1007 1403 ⁴

155 1532 214 1598 His
239 1531 350 1600 verbis
373 1535 568 1599 enumeratis
599 1533 642 1599 ad
671 1541 710 1598 ea
731 1534 870 1599 transire
891 1531 988 1599 lioeat
1009 1536 1042 1599 in
1066 1532 1182 1625 quibus
1223 1593 1226 1599 .

20 1632 23 1641 ’
98 1629 279 1698 lireotionem
309 1624 471 1722 quandam
502 1632 702 1720 praepositio
730 1632 868 1715 indicat,
897 1635 987 1698 ouius
1016 1657 1088 1699 oum
1118 1633 1181 1699 duo

100 1752 197 1814 genera.
212 1755 285 1823 esse
308 1733 434 1820 possint
454 1732 560 1823 primo
581 1732 652 1799 looo
758 1781 766 1794 .

21 1950 26 2041 q
579 1934 599 2014 ξ
621 1936 671 1998 29.

10 2101 17 2140 i
101 2074 127 2140 de
149 2082 187 2146 eis
220 2080 333 2146 verbis
367 2103 466 2167 agere
495 2083 604 2148 visum
636 2083 745 2148 estin
772 2082 891 2170 quibus
918 2082 1103 2149 abeundum
1130 2082 1182 2149 vel

10 2200 17 2283 u
101 2173 299 2246 dimetiendum
322 2202 393 2245 esse
420 2180 463 2246 ab
485 2181 595 2270 aliqua
616 2204 652 2247 re
675 2183 917 2269 praepositione
938 2181 1111 2249 indicatur.

10 2295 16 2335 ²
155 2296 180 2361 A
208 2314 271 2384 quo
300 2316 419 2384 genere
454 2300 708 2385 compositorum
739 2297 858 2363 Graeci
893 2297 1103 2364 abhorruisse
1133 2301 1180 2363 vi·

10 2395 14 2428 u
101 2386 192 2479 dentur,
214 2412 383 2484 perpauca
404 2399 489 2461 enim
512 2396 672 2463 eiusmodi
694 2398 846 2485 exempla
866 2400 1082 2464 inveniuntur.
1116 2397 1181 2463 sed

103 2493 256 2583 piusquam
278 2518 419 2581 graeoae
439 2496 571 2583 linguae
598 2496 701 2562 verba
729 2519 956 2562 enumeramus
978 2497 1100 2584 aliquot
1120 2497 1180 2561 lin·

95 2605 204 2694 guarum
226 2605 440 2682 oognatarum
461 2596 526 2661 huo
547 2619 714 2685 apponere
736 2597 845 2683 plaoet
866 2619 1062 2682 quamquam
1084 2597 1181 2660 etiam

91 2702 114 2748 ¹11
130 2691 171 2759 his
191 2717 256 2760 non
275 2694 378 2760 multa
398 2704 527 2760 exstare
549 2694 710 2762 videntur.

151 2816 336 2893 Senseritae
363 2812 493 2914 linguae
521 2852 628 2918 pauca
657 2829 759 2896 verba
795 2852 867 2894 oum
889 2831 976 2915 parci
1000 2828 1180 2918 composita

78 2928 251 3014 conparari
265 2937 412 3015 possunt,
435 2929 556 3015 quippe
571 2929 606 2992 in
627 2928 745 3015 quibus
759 2929 960 3015 praepositio
977 2928 1044 2992 nim
1059 2926 1179 2992 latinae

72 3008 120 3106 de,
139 3027 178 3090 ab
198 3026 318 3092 habeat
333 3026 421 3091 velut
434 3022 611 3111 pardnotti
627 3027 786 3114 expulsio,
803 3020 936 3112 perutili
959 3050 1105 3111 aversus,
1125 3027 1180 3092 ab·

64 3103 143 3189 llino
169 3126 349 3193 disoedens.
399 3117 578 3212 purci‘yiuuu
609 3127 771 3192 actionem
805 3126 993 3191 discedendi
1022 3114 1193 3212 simulque*

62 3218 211 3290 adeundi
233 3226 403 3311 signifieat.
427 3229 556 3310 peresa
579 3227 670 3291 ouius
693 3228 827 3314 spiritus
849 3227 958 3291 vitalis
982 3249 1024 3290 ex
1046 3249 1181 3314 corpore

55 3315 188 3412 effugit,
211 3326 266 3414 qui
287 3335 447 3405 remotum
469 3348 551 3406 eum,
564 3324 672 3391 habet.

149 3458 414 3544 Nonnumquam,
444 3467 479 3522 at
507 3458 676 3523 rarissime
699 3459 958 3546 praepositiones
981 3468 1013 3524 et
1033 3458 1180 3545 praefixa

50 3529 251 3641 liInguarnun
283 3558 547 3640 germanicarum
573 3557 645 3642 fru-
669 3557 743 3642 fuir
767 3559 840 3644 far·
867 3582 920 3623 ver
947 3557 1084 3623 eandem
1114 3558 1179 3621 vim

50 3629 198 3721 habent.
238 3656 387 3721 conferes
408 3656 512 3722 verba
528 3657 735 3743 fravuirpou
767 3656 908 3735 firles‘ton
931 3656 1100 3721 deducere
1124 3655 1179 3736 fir·

50 3755 193 3838 2‘’erfuu
213 3755 340 3820 eiicere
838 3791 840 3796 ·

155 3887 302 3953 Graecae
326 3882 458 3974 linguae
484 3886 567 3953 haeo
601 3891 781 3975 composita
801 3896 886 3954 sunt.
926 3880 1183 3967 ααραδέχεσθαί

60 3987 161 4061 τῑνος
187 3987 275 4054 velut
303 3989 334 4048 Z
356 3989 424 4070 178,
454 4010 527 4054 oum
554 3989 594 4054 A
615 3994 675 4059 596
706 3988 820 4057 eadem
849 3987 1007 4055 sententis
1040 3985 1181 4077 simplex
