2836 4784
165 347 222 409 170
650 340 783 397 Benssler

160 507 278 573 reisen‘
298 517 320 573 t
342 506 402 572 ΠΙ.
424 531 454 594 p.
480 514 537 574 163
560 507 679 590 adnot,
701 506 785 572 Mne.
800 508 898 573 aaa.
913 532 981 573 nov.
1005 517 1027 575 t.
1042 509 1101 593 IV,
1126 516 1184 577 185
1205 532 1310 602 sq

160 607 190 672 Ε
221 607 337 692 quibus
368 608 546 689 Francius,
582 630 718 692 quocum
757 610 938 673 consentire
974 607 1105 674 videtur
1140 608 1310 678 Keiliu

162 708 282 795 quippe
315 709 369 794 qui
399 709 540 789 formas,
581 730 716 794 quarum
748 707 1025 795 breviloquentiae
1057 730 1159 773 causa
1192 732 1310 778 nul:

162 806 298 871 alteram
326 817 513 893 partem—
535 817 570 892 ut
598 807 721 884 Νῖκις
750 830 811 895 pro
840 800 1010 883 Νικίας,
1046 808 1190 883 Λῦσις
1222 833 1310 897 Ρη

160 898 385 982 Λυσίας-
404 907 564 989 Doricus,
591 906 728 974 alteram
749 944 791 955 -
811 907 1086 991 11Δημήτρις
1113 929 1175 994 pro
1196 912 1309 994 Aq-

159 1000 312 1089 11111111
319 1027 336 1080 ς
354 1042 396 1053 -
417 1005 635 1083 hellenisticas
658 1005 823 1094 appellare
843 1006 956 1087 liceat,
979 1006 1166 1093 promiscue
1186 1024 1301 1076 enar·-

162 1116 221 1188 ret,
242 1106 437 1172 Welcksrus
458 1105 478 1171 l.
497 1129 568 1189 ss,
588 1105 724 1171 Rossius
746 1107 781 1171 in
801 1105 886 1172 Mus.
907 1105 1010 1171 Rhsn.
1033 1103 1054 1169 l.
1076 1129 1101 1170 s.
1123 1131 1148 1172 s.
1171 1110 1292 1196 suspi-

162 1207 227 1271 cati
248 1214 322 1270 sunt
340 1205 425 1271 hanc
447 1204 711 1272 consuetudinem
731 1205 904 1271 edialecto
919 1205 1054 1286 Dorica,
1076 1207 1169 1292 cujus
1189 1207 1285 1272 infra

161 1307 281 1371 mentio
302 1307 418 1370 iterum
433 1305 498 1387 fiet,
519 1307 553 1369 in
572 1305 718 1390 linguam
732 1305 901 1391 vulgarem
916 1303 1088 1391 paullatim
1107 1307 1280 1380 invasisse,

161 1404 283 1471 Corsos
315 1429 414 1492 quum
446 1405 519 1471 aliis
550 1404 631 1470 locis
662 1414 729 1470 tum
757 1403 778 1469 l.
803 1428 827 1471 s.
850 1428 895 1488 s.,
931 1403 1068 1469 Rossius
1100 1405 1276 1470 secundum

161 1504 329 1570 Welckeri
352 1505 459 1572 adnot.
481 1506 516 1570 in
537 1504 618 1569 Mus.
639 1503 741 1570 Rhen.
764 1503 868 1581 lus.
888 1525 931 1569 ex
950 1503 1127 1570 Homerico
1147 1507 1275 1570 nomine

161 1597 346 1685 Χρόμις,
379 1599 565 1689 Χρόμιος
598 1605 667 1668 sive
698 1597 887 1686 Χρομίος
919 1602 1148 1669 concluserunt
1168 1605 1274 1692 prima

160 1703 272 1768 talium
304 1706 483 1771 formarum
514 1704 654 1788 vestigia
680 1705 750 1791 jam
783 1703 826 1768 ad
858 1704 1120 1789 antiquissimam
1140 1696 1273 1768 Homeri

131 1841 133 1846 ·
160 1812 299 1868 aetatem
335 1805 505 1870 referenda
534 1827 616 1870 esse.
670 1803 793 1870 Contra
822 1805 909 1890 'quos
942 1802 1121 1868 Lebedum
1152 1795 1272 1868 Pullul-

158 1927 248 1969 serm.
270 1903 326 1969 Gr.
348 1904 487 1992 Prolepy.
511 1929 542 1991 p.
565 1907 624 1970 500
645 1926 714 1990 sqq.
744 1912 922 1968 antestatus
952 1911 1003 1968 est
1023 1904 1164 1990 primum
1182 1920 1269 1984 mag·

159 2026 235 2077 num
257 2005 414 2068 interesse
430 2005 605 2068 discrimen
626 2004 711 2067 inter
730 2003 853 2068 formas
869 2006 904 2064 N
908 2003 995 2078 ῖκις
1014 2004 1167 2079 Λῦσις,
1190 2015 1267 2089 quas

159 2102 300 2167 Doricas
322 2103 369 2166 illi
386 2104 601 2190 appellarent,
626 2111 658 2166 et
679 2101 788 2167 titulos
811 2103 1058 2187 inscriptionum
1081 2112 1184 2168 aetate
1202 2110 1267 2165 tarn

159 2203 353 2283 recentium,
387 2205 442 2289 qui
456 2188 462 2198 ⁸
475 2203 690 2285 ,manifestam
720 2224 800 2287 prae
828 2223 863 2265 se
893 2209 1044 2286 gererent
1064 2202 1186 2290 plebeji
1203 2219 1265 2264 ser⁴

159 2302 263 2365 monis
285 2302 513 2388 corruptelam‘
535 2305 601 2386 jam
635 2324 687 2383 eo,
722 2300 808 2388 quod
843 2308 1004 2384 accentus,
1027 2324 1139 2367 eorum
1169 2304 1200 2366 in
1224 2314 1264 2361 ea

161 2400 288 2486 syllaba
308 2410 454 2468 maneret
474 2403 508 2466 in
528 2424 592 2489 qua
622 2401 736 2467 fuisset
766 2403 800 2465 in
831 2421 911 2465 voce
943 2401 1152 2487 incorrupta,
1186 2388 1261 2488 quod

160 2501 388 2580 ,certissimum
402 2502 636 2567 imminutionis
655 2501 794 2586 signum‘
805 2499 978 2587 praeberet
990 2525 997 2583 3
1020 2500 1140 2565 deinde
1152 2501 1264 2565 fornas

162 2622 243 2686 quas
258 2600 462 2686 appellarent
475 2600 617 2666 Doricus
635 2623 699 2665 non
720 2623 792 2667 esse
814 2598 920 2665 solum
932 2598 1073 2681 Doricas
1096 2600 1154 2664 sed
1176 2600 1261 2664 etiam

162 2722 348 2765 communes
370 2700 503 2787 reliquis
519 2699 721 2765 Graecorum
742 2699 899 2782 dialectis,
919 2700 1006 2787 quod
1028 2694 1270 2785 comprobarent

61 2835 66 2841 κ
161 2798 407 2866 Atheniensium
430 2800 564 2864 'nomina
585 2799 732 2864 similiter
754 2799 910 2884 figurata,
946 2798 1084 2886 denique
1105 2823 1173 2870 non
1193 2805 1270 2886 opus

160 2920 231 2962 esse
263 2901 392 2965 omnino
425 2901 459 2963 in
491 2908 559 2967 toto
591 2921 709 3013 genere
730 2900 905 2967 nominum
932 2921 1018 2986 quae
1048 2897 1134 2967 falso
1150 2898 1280 2965 Dorion

160 2996 403 3083 appellarentur
426 2997 504 3063 de
495 2999 717 3065 imminutione
740 2996 888 3083 syllabae
909 2998 1016 3064 finalis
1037 3020 1098 3063 nos
1122 3009 1209 3084 cogit
1186 2999 1288 3064 tart

160 3118 258 3182 quum
285 3119 327 3161 ex
348 3120 413 3162 una
435 3092 620 3184 eademque
634 3100 734 3183 stirpe
754 3086 869 3174 Ἀλεξ
886 3097 1017 3183 linguae
1031 3097 1190 3213 (lernaeae,
1212 3091 1300 3184 qo*

159 3205 245 3260 esset
264 3195 357 3261 hac
347 3220 382 3259 1n
401 3219 438 3261 re
460 3197 637 3279 fertilitate,
659 3183 1310 3281 111111111181111111111Αλεξθς

150 3285 331 3373 Ἄλεξις
370 3287 569 3373 'Aietius
607 3288 804 3374 Ἀλέξιος
844 3287 1030 3373 Αλὲξων
1066 3284 1310 3376 ’Atratus

156 3385 389 3472 Αλεξῖνος.
429 3395 556 3461 Novam
598 3395 737 3482 denique
785 3397 873 3460 viam
915 3395 1103 3484 explicandi
1149 3386 1310 3483 apen!

159 3493 219 3559 Let
207 3495 351 3561 tronariis
363 3495 450 3578 ,Rec
467 3495 555 3561 des'
546 3519 642 3560 mser.
657 3494 697 3559 de
710 3494 872 3581 l'tEgype‘
895 3517 940 3560 eo
956 3494 1053 3582 quod,
1078 3487 1310 3583 quamque!

158 3593 221 3659 vol.
243 3594 286 3659 Π
308 3618 340 3681 p.
363 3601 403 3662 99
426 3619 495 3683 sqq.
517 3593 656 3660 Coraem
678 3594 891 3681 sequebatur,
912 3593 937 3659 I
964 3617 994 3681 p.
1018 3602 1073 3663 111
1096 3595 1183 3659 hanc
1205 3589 1310 3661 co!

160 3702 229 3757 suet
217 3693 360 3766 tudinem
394 3704 598 3782 posterorum
628 3693 829 3759 Graecorum
860 3693 903 3758 ad
931 3694 996 3757 vim
1030 3673 1310 3760 consuetudinf

158 3791 324 3859 Romanae
344 3799 427 3880 (‚par
451 3796 541 3859 suite
554 3793 594 3857 de
614 3792 633 3856 l'
647 3793 805 3861 influence
825 3792 1020 3872 Romaine‘,)
1048 3816 1147 3879 quam
1166 3789 1310 3906 prior:

159 3902 251 3976 parte
273 3893 507 3975 tractabamus,
524 3891 693 3957 referebat.
726 3890 823 3957 Hunc
845 3905 973 3961 secutus
987 3902 1057 3973 est,
1068 3869 1310 3979 quinovissfl

32 4063 34 4066 ,
158 4013 230 4055 mus
253 3991 365 4057 dehis
386 3992 571 4074 nominibus
604 3992 797 4078 disputavit,
770 3990 981 4057 Retrahe
963 4015 1016 4056 1119
1043 3993 1078 4059 in
1105 3991 1310 4078 prognem!
