2836 4784
519 352 553 410 de
571 353 689 414 dialecto
709 353 895 412 Locrensium.
1199 361 1257 422 251

175 521 424 605 Hoffmaunus,§
449 529 515 591 114.
557 524 668 588 Refert
690 519 828 599 ἕκαστος
857 533 888 588 61
910 517 1063 604 ἑκάτερος
1084 522 1126 585 ad
1149 521 1261 586 adver-

175 620 242 684 bium
263 613 363 696 1κᾶς,·
392 621 454 687 hoc
482 633 650 709 comparat
670 645 743 687 cum
765 623 883 688 Latino
901 646 1006 702 66666,
1033 621 1118 685 unde
1141 620 1263 704 colligit

175 717 290 782 litteram
313 735 333 783 σ
354 722 390 784 in·
409 721 515 786 fronte
535 721 768 786 vocabulorum
785 721 984 787 Graecorum
1000 720 1160 808 abjectam
1182 741 1263 783 esse.

176 815 293 882 Omnino
315 817 541 884 idfcommune
562 829 611 884 661
633 819 790 885 adverbio
810 815 889 895 ἑκάς
910 843 981 884 eum
1004 815 1151 892 ἕκαστος,
1175 816 1262 904 quod

176 915 280 1000 utrique
301 921 518 1003 separationis
539 921 628 984 notio
650 920 742 985 inest.
778 919 824 984 At
838 928 964 1010 oportet
986 917 1081 983 simul
1104 918 1262 1001 originem

178 1024 299 1097 spectare
321 1019 464 1082 omnium
495 1026 704 1103 cognatorum
729 1018 975 1099 vocabulorum,
1003 1017 1037 1081 id
1067 1015 1152 1103 quod
1177 1037 1262 1078 nunc

177 1111 278 1176 facilius
299 1114 370 1179 fieri
393 1125 501 1201 potest
522 1138 618 1203 quam
641 1138 678 1181 eo
697 1103 844 1202 tempore
867 1140 929 1204 quo
952 1116 1167 1180 Hoffmannus
1183 1115 1259 1177 scri-

177 1209 257 1276 bebat.
306 1214 382 1279 Vox
405 1238 495 1278 secas
522 1215 649 1294 (666666,
682 1214 826 1298 caputiis,
851 1214 982 1297 6661166,
1015 1216 1054 1279 61.
1082 1214 1261 1286 Varronem

177 1311 246 1394 apud,
263 1311 404 1377 Gellium
434 1321 481 1396 18,
508 1319 538 1396 9,
556 1320 593 1392 ’4)
618 1313 808 1378 deducenda
839 1336 909 1378 esse
938 1313 1064 1379 videtur
1087 1336 1106 1378 a
1127 1312 1197 1378 rad.
1213 1335 1264 1375 666

177 1408 246 1473 vsrbi
264 1404 386 1495 sequor,
403 1422 505 1499 atque
527 1413 569 1477 ad
593 1412 653 1477 Gr.
673 1405 766 1495 ἑκάς,
789 1423 824 1477 61
842 1413 1038 1477 Hoffmanno
1061 1413 1183 1500 placet,
1205 1412 1262 1474 vix

177 1517 259 1590 potest
280 1510 377 1575 trahi.
419 1512 634 1578 Nihilominus
663 1510 727 1575 alia
747 1510 867 1575 Latina
886 1511 999 1596 lingua
1021 1511 1157 1598 praebet
1178 1532 1261 1597 quae
1368 1554 1369 1557 κ

176 1603 221 1670 buo
233 1613 350 1675 certius
363 1612 542 1696 pertinent:
562 1609 696 1691 crasso,
717 1609 853 1691 sa-duco,
873 1609 1088 1691 6616666666,
1110 1620 1142 1674 61
1154 1611 1261 1695 ipsam
1372 1645 1375 1650 -

176 1708 410 1791 conjunctionem
431 1707 488 1772 sed
507 1711 541 1773 in
563 1709 679 1796 quibus
702 1718 951 1773 consentaneum
969 1721 1018 1774 est
1032 1709 1191 1795 syllabam
1207 1706 1265 1772 6661
1372 1766 1375 1772 .

175 1803 212 1867 vel
228 1821 256 1872 66
276 1807 357 1872 nihil
379 1807 468 1872 aliud
499 1831 569 1872 esse
590 1809 652 1871 nisi
680 1806 857 1872 ablativum
881 1810 1081 1895 pronominis
1103 1807 1261 1887 reflexivi,

174 1922 216 1968 666.
244 1905 399 1970 Similiter
421 1918 609 1993 usurpatam
632 1908 850 1993 conspicimus
869 1907 952 1971 bane
966 1909 1099 1993 stirpem
1121 1907 1155 1969 in
1170 1899 1267 1986 ἑκάς,

175 1998 188 2062 1.
205 2024 226 2066 6.
240 1999 460 2085 ’σὴ-661661.
484 2006 613 2072 Sanscr.
636 2019 773 2089 saa-tas,
803 2028 865 2087 „ex
886 2029 931 2087 se,
951 2027 1010 2092 per
1033 2006 1096 2070 se“.
1140 2006 1262 2069 Sensus

175 2110 211 2163 est
234 2106 463 2190 separationis,
492 2116 559 2170 tum
590 2105 844 2190 longinquitatis.
894 2103 1053 2169 Suffixum
1085 2127 1145 2179 κας
1176 2104 1261 2190 quod

175 2200 249 2266 etiam
269 2203 417 2268 videmus
437 2205 472 2268 in
494 2195 672 2283 elaboratis,
701 2206 759 2282 (ef.
783 2204 912 2269 Sanscr.
935 2227 1004 2286 pas,
1030 2203 1137 2290 Bopp.
1159 2225 1260 2289 gram.

175 2293 281 2368 Sansor.
305 2307 473 2388 pagr433)
499 2301 704 2368 referendum
731 2314 780 2368 661
806 2303 849 2366 ad
878 2304 1012 2388 stirpem
1034 2302 1259 2368 demonstrati·

173 2413 230 2462 vam
248 2400 300 2464 aa

236 2499 338 2577 Simili
354 2500 501 2586 quodam
521 2499 617 2564 modo
640 2502 790 2565 existimo
813 2502 910 2565 etiam
933 2495 1181 2582 1166666616.
1206 2522 1260 2564 ex·

171 2590 267 2674 plicari
296 2621 400 2684 posse.
464 2598 518 2661 Ex
545 2597 656 2662 eadem
686 2601 787 2685 stirpe
826 2600 871 2662 166
898 2607 988 2664 ortae
1015 2607 1103 2680 sunt,
1139 2598 1261 2682 additis

171 2699 367 2782 comparativi
388 2705 420 2764 61
441 2696 631 2782 superlativi
654 2697 945 2778 terminationibus,
967 2690 1257 2778 formositatem

169 2787 286 2872 κόπος,
309 2799 344 2860 16
366 2796 482 2882 quibus
503 2805 628 2878 tamen,
650 2807 694 2860 ut»
706 2797 804 2882 vulgo
826 2797 876 2878 fit,
901 2818 1013 2860 sensus
1035 2796 1161 2880 stirpis,
1191 2797 1260 2859 sive

167 2885 425 2959 demonstrativus
438 2897 517 2960 -sive
538 2897 800 2979 interrogativas,
824 2895 905 2959 abiit
925 2896 958 2956 in
980 2892 1198 2974 indefinitum
1225 2903 1260 2958 ut

165 2987 332 3076 lignificent
352 2994 507 3057 altcrator¹
526 2993 578 3058 vel
600 3007 805 3077 6166666666,
832 3003 864 3057 61
884 3005 1134 3077 quotuscunque,
1164 3003 1268 3078 prout-

164 3093 243 3173 unius
272 3093 315 3157 ab
345 3093 445 3160 altero
474 3102 530 3157 aut
552 3091 595 3156 ab
621 3092 770 3157 omnibus
799 3092 872 3156 aliis
901 3091 1064 3156 distinctio
1095 3090 1140 3155 111.
1179 3091 1260 3156 Inde

162 3183 253 3256 facilis
275 3200 327 3255 est
348 3194 502 3256 transitus
525 3191 716 3273 acutoque
738 3202 770 3255 61
791 3189 930 3274 quatique.
964 3189 1050 3253 Huic
1071 3193 1259 3276 praeposita

160 3299 199 3354 est
211 3292 311 3377 stirps
330 3301 406 3366 ola·
422 3285 647 3369 σῐε-κάτερος,
667 3303 818 3372 „uimque
828 3288 1031 3373 separata'rn“,
1044 3282 1259 3369 oli-acorna,

157 3390 302 3474 ,6661666
321 3391 481 3470 6666616611,
508 3388 621 3474 „jeder
645 3389 704 3474 fiir
723 3386 819 3453 abba
862 3388 1077 3473 Componitur
1097 3386 1164 3456 offe
1187 3410 1258 3452 cnm

156 3487 249 3553 altero
273 3492 461 3574 pronomine
479 3490 576 3552 etiarn
589 3490 625 3550 in
643 3479 767 3561 ἓαυτός,
792 3486 869 3554 licet
887 3486 1016 3550 diverso
1033 3476 1137 3550 sensu.
1167 3485 1258 3551 Hoff-

154 3604 285 3652 mannus
305 3589 406 3672 igitur
425 3609 493 3652 non
513 3590 582 3650 sine
597 3587 673 3671 jure
696 3586 877 3671 suspicatus
899 3595 948 3649 est
970 3579 1047 3658 ἑκάς
1059 3595 1100 3648 61
1122 3578 1259 3658 ἕκαστος

154 3686 285 3751 eandem
305 3686 449 3751 radicem
472 3686 651 3767 continere,
679 3683 754 3748 licet
781 3685 843 3749 hoc
873 3707 936 3749 non
963 3694 1050 3747 recte
1078 3685 1188 3747 statim
1215 3681 1257 3746 ab

152 3785 200 3852 illo
223 3786 434 3851 derivaverit.
537 3826 547 3837 «

219 3877 343 3959 '‘Exci-g
364 3869 552 3948 adverbium
576 3882 646 3946 sine
668 3901 688 3947 6
708 3883 904 3968 conspicitur
925 3883 959 3945 in
982 3881 1170 3966 compositis
1184 3872 1258 3965 ἔκη’-

146 3983 262 4068 βολος,
287 3977 451 4066 ἑκάεργος,
471 3976 656 4069 Ἑκαμήδη,
681 3981 844 4046 61611166]
875 3982 941 4046 suff
966 4001 1004 4041 ao
1027 3980 1203 4066 assumpsit
1224 3980 1258 4045 in
