2836 4784
534 352 568 406 de
585 349 742 407 nominibus
759 353 883 423 propriis.
1211 359 1269 421 157

189 515 242 615 ipsa
257 518 367 586 Latina
390 519 503 607 lingua
524 520 605 587 aliae
627 523 747 589 formas
770 524 890 608 promit
911 522 1026 587 horum
1048 523 1213 586 nominum
1234 518 1268 584 in

129 664 132 677 .
189 619 208 683 is
223 620 392 687 exeuntium
413 628 481 686 tam
503 621 640 707 similes,
669 633 704 688 ut
723 631 932 709 utrarumque
952 623 1044 707 origo
1066 644 1130 686 una
1151 619 1269 686 debeat

129 768 132 811 ,
189 739 244 785 esse.
272 718 354 786 Sunt
374 721 494 808 partim
517 719 680 810 adjectiva
702 725 820 809 partim
841 723 1035 808 pronomina
1055 721 1173 807 partim
1196 719 1269 784 sub·

129 880 132 885 .
175 821 307 884 stautiva.
335 819 390 885 Ex
412 820 645 909 adjectivorum
665 844 798 886 numero
821 822 854 886 in
877 823 991 909 primis
1012 820 1075 892 huo
1097 822 1269 908 pertinent,

184 938 243 1004 quae
259 920 292 983 in
313 907 403 985 fiius
423 933 455 984 et
475 907 545 987 ᾗ
568 924 798 1002 terminantur,
829 942 850 985 a
878 918 1054 986 Ritschelio
1076 919 1157 985 decl.
1179 942 1209 1006 p.
1229 924 1268 984 20

183 1013 316 1085 uanam.
357 1019 388 1083 Ε
406 1019 540 1107 quibus,
571 1042 655 1105 quae
680 1023 714 1085 in
736 1008 824 1086 ari-us
852 1021 1120 1102 terminarentur,
1153 1028 1269 1084 cuncta

181 1118 247 1204 prius
265 1118 299 1182 in
314 1139 375 1183 usu
396 1118 496 1184 luisse
511 1142 608 1208 quam
625 1143 707 1207 quae
724 1122 758 1185 in
781 1108 850 1187 ar—is
868 1122 1004 1203 exirent,
1025 1129 1056 1184 et
1073 1117 1268 1184 Ritschelius

180 1212 270 1284 las.
295 1218 405 1284 docuit
426 1226 458 1283 et
476 1217 583 1285 lexico
604 1229 779 1304 testantur,
807 1220 875 1286 solo
898 1228 1036 1306 excepto
1061 1217 1216 1304 jaccant
1237 1226 1269 1281 et

177 1314 340 1400 martas,
363 1340 499 1406 quorum
518 1318 598 1384 illud
615 1321 650 1384 iu
662 1319 856 1386 Phormione
870 1320 1017 1384 Terentii
1036 1326 1062 1401 l,
1085 1323 1113 1401 2,
1135 1324 1185 1400 84,
1208 1317 1269 1382 hoc

178 1413 338 1482 ludndria
359 1416 504 1504 ejusdcm
525 1427 641 1504 poetae
661 1424 692 1502 4,
713 1425 741 1497 4,
764 1424 804 1487 43
826 1419 960 1506 legitur,
991 1427 1023 1483 et
1045 1418 1185 1484 fortasse
1206 1416 1270 1479 scis·

176 1514 291 1600 aaa,
323 1515 409 1603 quod
439 1515 527 1603 apud
563 1517 745 1588 Varronem
774 1529 889 1586 exstat.
933 1518 1079 1599 Quorum
1112 1517 1270 1602 originem

179 1609 352 1682 Bitschelius
374 1639 474 1705 quum
496 1614 577 1681 decl.
598 1639 628 1704 p.
652 1623 687 1684 21
712 1618 810 1683 talem
833 1641 904 1684 esse
925 1627 1080 1700 censeret,
1102 1627 1137 1681 ut
1158 1616 1270 1703 lingua

180 1712 219 1795 ,ab
235 1738 296 1781 una
317 1716 495 1803 eademque
517 1717 619 1803 stirpe
640 1739 816 1804 progressa
829 1718 989 1784 arbitratu
1011 1739 1069 1783 suo
1086 1716 1269 1781 denomina-

179 1813 232 1880 tiva
253 1815 478 1903 progenuisset
503 1815 572 1880 sive
599 1817 633 1881 in
654 1804 743 1884 effus
757 1820 826 1884 sive
847 1820 881 1883 in
902 1806 969 1884 ὦ
991 1817 1182 1898 desinentia,
1214 1838 1269 1880 no·

180 1911 255 1980 tionis
274 1915 405 2003 quidem
425 1913 613 1980 discrimine
633 1916 720 1983 nullo
743 1927 799 1984 aut
819 1941 924 2007 prope
942 1916 1048 2001 nullo‘,
1072 1916 1159 1982 idem
1180 1937 1212 2003 p.
1229 1919 1268 1983 23

181 2009 305 2107 adiano
325 2035 396 2110 rem
411 2037 561 2080 reversus
576 2015 700 2081 docuit:
722 2018 831 2105 ,fuisse
848 2016 1021 2103 aliquando
1037 2026 1184 2099 aetatem,
1207 2036 1272 2102 qua

181 2109 243 2178 inis
260 2113 313 2180 vel
333 2137 367 2180 es
391 2115 499 2203 potius
521 2116 648 2182 exirent
670 2140 769 2203 quum
792 2118 995 2184 substantiva
1016 2127 1084 2181 tum
1106 2114 1270 2202 adjectiva

183 2216 274 2281 onnia.
317 2213 414 2280 Hanc
433 2233 510 2308 aa&
532 2214 737 2310 su—bseoutam
765 2218 900 2284 alteram
921 2226 1077 2298 aetatem,
1109 2237 1174 2302 qua
1195 2235 1268 2301 pro·

182 2314 253 2396 gredi
270 2315 383 2402 lingua
397 2314 440 2380 ad
461 2317 509 2380 ios
541 2318 593 2380 ius
613 2319 873 2383 terminationem
894 2318 1062 2404 coepisset,
1085 2324 1117 2378 et
1138 2315 1184 2378 ita
1201 2313 1270 2401 qui·

184 2410 237 2480 dem
253 2416 423 2502 coepisset,
443 2423 480 2480 ut
498 2416 626 2480 initium
646 2416 689 2481 ab
710 2417 879 2505 adjectivis
902 2425 1049 2503 caperet,
1071 2436 1154 2502 quae
1174 2410 1271 2478 vellet

184 2514 411 2581 tsubstantivis
432 2513 625 2583 discernere.
660 2515 806 2583 Tertiam
827 2518 911 2582 hanc
930 2526 1070 2582 aetatem
1092 2515 1270 2600 excepisse,

182 2615 291 2697 quaed
318 2613 555 2703 adjectivorum
585 2616 770 2704 exemplum
799 2619 896 2682 etiam
919 2615 1124 2681 substantiva
1146 2636 1270 2679 accom-

180 2714 406 2811 rumenam-
417 2714 448 2780 A
470 2737 534 2802 qua
565 2725 716 2802 quartam
748 2717 848 2783 licere
880 2715 1097 2802 distinguere,
1126 2736 1191 2799 qua
1223 2714 1271 2778 eis

181 2827 243 2896 quae
259 2817 293 2880 iu
320 2817 409 2880 arius
429 2817 556 2880 exirent
574 2815 711 2881 finitima
731 2816 783 2882 vel
804 2823 976 2903 procreata
996 2812 1049 2879 vel
1078 2814 1272 2879 resuscitata

177 2927 264 2982 asem
291 2903 362 2982 ὦ
391 2914 526 3002 syllabis
554 2916 748 2982 terminata‘
791 2916 959 2982 Sententia
986 2916 1084 3000 igitur
1110 2914 1173 2978 viri
1195 2912 1272 2978 doc·

176 3009 283 3101 tissimi,
305 3017 333 3081 si
352 3016 435 3081 bene
457 3017 527 3102 ejus
543 3013 645 3080 verba
659 3017 767 3081 animo
789 3016 972 3099 informavi,
993 3016 1074 3082 haec
1096 3022 1157 3080 est:
1179 3013 1271 3078 initio

174 3108 261 3182 solam
280 3117 538 3182 terminationem
558 3103 624 3181 aris
646 3118 824 3201 exstitisse,
847 3138 864 3181 e
885 3139 949 3204 qua
967 3115 1079 3201 lingua
1100 3112 1272 3180 subsecuta

171 3219 264 3282 lltrtate
284 3215 525 3304 productiorem
547 3204 640 3282 arius
664 3218 911 3304 procreavisset.
954 3214 1051 3296 Quod
1073 3216 1220 3303 quamvis
1242 3214 1272 3278 ei

167 3296 287 3400 linguae
313 3317 395 3404 legi,
423 3338 487 3403 qua
515 3316 692 3403 productae
713 3317 835 3382 formae
856 3315 1026 3404 paullatim
1054 3315 1273 3401 corripiuntur

162 3417 266 3484 Pota
297 3437 394 3502 quam
425 3424 600 3501 augentur,
631 3439 816 3505 repugnare
840 3416 1005 3499 videatur,
1038 3423 1146 3481 tamen
1166 3435 1232 3478 non
1252 3434 1273 3476 a

159 3501 367 3582 ⁸imilitudins
388 3513 563 3580 multorum
592 3515 825 3604 adjectivorum
847 3516 1037 3604 posterioris
1065 3513 1196 3600 linguae
1217 3511 1272 3578 ab·

155 3590 285 3700 horret,
304 3617 360 3681 cui
382 3614 546 3702 adjectiva
567 3614 714 3702 pleniora
735 3624 767 3681 et
788 3617 913 3682 suffixis
935 3617 1028 3681 novis
1050 3621 1146 3679 aucta
1168 3614 1273 3698 magis

150 3709 298 3780 Probata
318 3737 505 3802 essequam
528 3715 726 3802 simpliciora
747 3724 780 3780 et
798 3714 950 3781 breviora
971 3715 1129 3779 sermonis
1150 3711 1274 3799 antiqui

149 3791 256 3879 facilo
284 3814 449 3880 intellectu
470 3825 529 3881 est.
570 3815 633 3880 Est
663 3818 748 3880 enim
776 3816 837 3881 hoc
864 3815 987 3879 cunctis
1013 3812 1273 3893 denominativis,

149 3898 235 3977 five
253 3914 422 4005 adjemivis
444 3915 513 3980 sive
535 3916 718 3981 nominibus
740 3917 882 4003 propriis
905 3912 1075 4002 adjectivis
1102 3910 1273 3976 simillimis

150 4010 200 4067 θῒ
220 4015 383 4098 affinibus,
405 4036 590 4098 commune,
616 4026 652 4081 ut
673 4016 783 4103 stirpi,
813 4014 870 4080 ubi
890 4017 977 4079 notio
1000 4012 1188 4098 antiquioris
1210 4032 1274 4075 non
