2836 4784
789 148 805 191 9

272 352 312 413 22
511 418 514 422 ,
780 345 843 400 3³¹¹

271 512 302 577 V
324 519 352 580 6.
371 512 423 576 IX
444 518 493 581 80.
515 518 564 578 94.
593 511 650 577 Ar.
672 512 755 579 Plut.
776 521 845 584 884.
873 515 957 582 Xen.
988 514 1030 580 de
1050 473 1142 581 Veot.
1165 515 1213 580 IV
1237 520 1287 580 20.
1309 514 1382 600 Lys.

154 684 156 689 ¹
271 610 334 675 VH
356 618 374 675 4
399 621 459 678 eto.
480 621 540 676 etc.
573 612 671 678 semel
696 615 786 700 apud
815 615 913 681 Isocr.
942 615 988 691 (II
1009 622 1040 694 4)
1063 624 1095 678 et
1114 613 1231 702 Polyb.
1253 613 1383 692 (ΠΙ42)

272 703 448 791 ἀγοράζειν
479 713 651 785 invenitur.
688 713 804 798 quibus
838 715 948 779 verbis
982 714 1154 779 finitimum
1187 712 1383 779 intellectum

270 809 369 876 habet
391 799 604 889 δανείζεσθαι
623 815 799 898 praecipue
821 814 909 901 apud
931 824 1086 896 oratores,
1108 814 1284 879 sedetiam
1299 811 1383 898 apud

269 909 327 976 Ar.
349 909 428 996 Lys.
453 917 541 977 1067.
558 920 590 975 et
609 913 826 991 μισθοῦσθαι
848 914 937 1000 apud
957 913 1079 980 Herod.
1099 911 1230 1001 Ioev
1251 919 1307 980 62·
1322 912 1382 976 Xe-

270 1008 367 1097 noph.
389 1010 531 1075 deVecI
553 1011 600 1074 IV
625 1017 670 1077 19.
691 1011 770 1098 Lys.
787 1012 851 1097 VII
877 1020 923 1079 11.
945 1013 1044 1078 XVII
1065 1021 1093 1083 8.
1114 1012 1208 1078 Dem.
1230 1010 1327 1078 XLV
1348 1017 1382 1078 29

271 1119 331 1174 ote.
350 1099 428 1192 παρ’
452 1104 535 1189 ἐμοῦ
553 1111 669 1197 χρῇσαι
688 1105 796 1197 φάρεα
818 1104 897 1180 Eun.
914 1113 968 1178 El.
994 1119 1059 1180 191.

353 1207 482 1272 Deinde
503 1209 556 1273 hic
578 1232 743 1297 apponam
762 1211 866 1277 verba
893 1212 1151 1295 περιποιεῖσθαι
1172 1211 1269 1276 Dem.
1289 1210 1382 1296 eleg.

271 1314 341 1374 240.
372 1306 440 1372 XII
470 1313 508 1374 19
539 1309 590 1386 (of.
619 1309 734 1397 Polyb.
760 1312 877 1376 XXIV
899 1319 928 1395 9,
953 1321 980 1380 6.
1009 1305 1097 1393 παρά
1122 1316 1209 1388 τινι.)
1232 1311 1382 1397 deinceps

269 1408 418 1473 κτᾶσθαι
441 1431 468 1472 e.
490 1430 521 1493 g.
542 1402 660 1492 φιλίαν
681 1410 763 1477 Xen.
786 1398 863 1496 Cyr.
878 1411 928 1475 ΠΙ
945 1419 969 1475 1.
986 1419 1035 1482 28.
1058 1406 1158 1489 δόξαν
1179 1407 1235 1472 καὶ
1258 1402 1382 1490 εὔνοιαν

270 1507 365 1572 Dein.
388 1506 428 1572 de
450 1531 514 1573 cor.
536 1514 584 1575 94.
605 1502 710 1572 πάλιν
736 1501 994 1597 ἀνακτήσασθαι
1023 1507 1116 1591 παρὰ
1137 1512 1203 1572 τῶν
1223 1503 1383 1595 Ἑλλήνων

269 1604 328 1693 τὴν
349 1604 501 1670 παλαιὰν
520 1598 660 1672 ἀσυλίαν
681 1608 795 1696 Polyb.
816 1610 864 1675 IV
881 1617 929 1676 74.
951 1609 1104 1697 deinceps
1124 1601 1383 1694 χρηματίζεσθαι

270 1708 370 1772 Isoor.
396 1707 429 1770 X
451 1713 470 1774 6
491 1718 523 1772 et
549 1701 762 1794 ποιήσασθαι
787 1704 1015 1795 χρηματισμόν
1043 1709 1088 1776 id.
1117 1709 1183 1775 XV
1204 1716 1253 1776 26.
1289 1701 1382 1790 ἔργά-

272 1802 391 1883 ζεσθαι
413 1831 449 1872 π.
471 1809 537 1869 τῶν
558 1799 671 1871 ἀλλων
688 1801 836 1893 χρήματα
856 1809 938 1874 Plat.
961 1808 1062 1876 Lech.
1080 1815 1147 1878 183.
1170 1808 1266 1885 (conf.
1283 1808 1381 1894 Hipp.

270 1907 345 1972 mai.
376 1909 436 1972 282
458 1907 492 1970 D
521 1899 679 1990 ἀργύριον
714 1899 783 1969 ἀπὸ
823 1901 947 1994 σοφίας
981 1902 1205 1990 ἐργάζεσθαι).
1248 1904 1382 1970 πλεονε-

271 2007 358 2068 κτεῖν
376 2005 474 2072 Isocr.
496 2007 562 2073 XV
583 2013 653 2076 282.
680 2007 732 2086 (of.
759 2001 972 2092 ποιήσασθαι
996 2000 1111 2083 αὑταῖς
1132 2004 1327 2086 πλεονεξίας
1345 2006 1383 2071 id.

267 2104 318 2169 IV
339 2112 367 2171 7.
392 2106 421 2170 V
440 2112 471 2184 9)
498 2100 683 2187 κερδαίνειν
703 2107 782 2194 Lyn.
805 2107 873 2170 XX
894 2114 923 2172 7.
944 2106 1046 2172 XXII
1060 2113 1109 2173 20.
1137 2109 1235 2186 μῖσος
1256 2103 1313 2170 καὶ
1336 2098 1383 2187 ἀρ

270 2200 328 2291 μὴν
370 2197 462 2294 oduei
503 2201 672 2285 συλλέξειν
716 2202 809 2287 παρὰ
840 2208 906 2268 τῶν
942 2203 1101 2269 δικαστῶν
1132 2206 1222 2293 Hyp.
1257 2207 1290 2270 II
1321 2211 1382 2272 106.

271 2301 364 2386 παρὰ
383 2308 448 2368 τῶν
470 2299 687 2386 αἰχμαλώτων
709 2342 747 2352 —-
774 2307 859 2386 μνᾶς
879 2307 1097 2391 συκοφαντεῖν
1118 2305 1196 2390 Lys.
1219 2311 1270 2387 26,
1293 2310 1347 2372 24.-

353 2404 537 2470 Dicendum
558 2429 643 2470 nunc
664 2413 712 2470 est
734 2406 774 2470 de
795 2403 906 2469 verbis
929 2405 1070 2480 dandi,
1095 2405 1230 2491 adquae
1247 2426 1380 2491 praepo·

274 2504 347 2567 sitio
376 2497 469 2582 παρά
501 2506 653 2592 apposita
675 2526 819 2590 semper,
852 2504 937 2588 quod
963 2503 1109 2586 videam,
1140 2526 1213 2568 eum
1233 2504 1381 2588 genetivo

250 2604 475 2688 pronominis
504 2603 686 2690 personalis
715 2605 885 2668 coniuncta
914 2612 978 2683 est,
1012 2603 1097 2667 unde
1119 2604 1308 2668 notissimus
1331 2601 1381 2666 illc

191 2711 203 2731 ’·
271 2726 347 2767 usus
369 2713 534 2767 natusest
555 2725 596 2766 ex
619 2724 682 2789 quo
704 2694 795 2783 παρά
823 2725 895 2766 cum
918 2704 1067 2787 genetivo
1090 2702 1292 2788 pronominis
1314 2724 1381 2788 per·

176 2885 180 2893 ι
273 2802 395 2868 sonalis
410 2802 573 2888 significat
586 2816 717 2887 sumptu
732 2802 877 2868 alieuius.
906 2802 990 2865 Nam
1013 2803 1041 2864 si
1063 2802 1135 2889 quis
1157 2824 1226 2864 rem
1241 2799 1379 2888 aliquam

274 2894 358 2981 παρ’
382 2895 501 2964 ἑαυτοῦ
525 2901 653 2966 dedisse
668 2903 796 2978 dicitur,
819 2925 884 2966 non
908 2900 1010 2966 solum
1032 2924 1051 2964 a
1074 2924 1118 2975 se,
1144 2899 1201 2964 sed
1224 2900 1323 2964 etiem
1345 2899 1381 2963 de

272 3023 330 3065 suo
351 2999 404 3064 vel
427 3023 484 3065 suo
502 3012 633 3088 sumptu
650 3002 778 3067 dedisse
795 3002 932 3086 cogitari
948 3010 1064 3086 potest,
1088 3002 1178 3064 cuius
1190 3022 1268 3064 usus
1280 3022 1382 3064 exem-

273 3099 329 3184 pla
351 3098 445 3184 plura
467 3101 532 3164 iam
555 3101 643 3186 apud
658 3101 860 3166 Herodotum
882 3109 1012 3165 exstant
1040 3099 1129 3164 velut
1151 3098 1216 3164 VH
1236 3104 1276 3165 29
1303 3090 1378 3180 παρ’

196 3188 201 3197 ’
273 3191 396 3260 ἑαυτοῦ
414 3191 550 3264 διδόντα
564 3191 1381 3286 diuaII129VH15.itemapurisenqeoelsoer.

272 3297 384 3361 XVIII
403 3304 452 3366 66,
493 3292 646 3383 χρήματα
666 3292 746 3381 παρ’
768 3292 892 3364 ἑαυτῶν
913 3291 1045 3360 διδόναι
1061 3299 1156 3364 Dem.
1172 3297 1250 3362 Mid.
1270 3303 1309 3365 68
1325 3298 1383 3362 bis.

272 3389 427 3480 ἀνήλωκα
450 3390 533 3481 παρ’
558 3395 700 3480 ἐμαυτοῦ
721 3398 803 3466 Isae.
825 3399 905 3463 VIII
927 3405 975 3466 39.
1016 3398 1111 3463 Dem.
1133 3397 1174 3461 de
1195 3397 1215 3460 f.
1238 3396 1301 3482 leg.
1318 3402 1382 3464 166.

270 3495 307 3562 Ρ.
336 3487 503 3576 τριακόσι’
529 3489 642 3573 αι’·τοῖς
656 3492 705 3561 ἔτι
727 3489 958 3583 ιιροσθὴσουσ’
977 3487 1114 3577 ὄρνιθες
1131 3491 1195 3580 ἔτη.
1213 3493 1272 3559 Oh.
1293 3492 1382 3577 παρὰ

270 3597 350 3672 τοῖα·
371 3596 408 3661 P.
426 3587 507 3678 παρ’
531 3591 628 3673 ὅτου,·
650 3590 733 3679 παρ’
759 3591 890 3660 ἓαυτιῦν.
902 3596 1003 3662 Arist.
1015 3596 1076 3662 Av.
1088 3603 1157 3665 608.
1178 3586 1256 3673 παρ)
1283 3589 1382 3657 advos?

271 3689 474 3779 καταθήσειν
494 3697 587 3760 Dem.
606 3697 707 3761 XXII
729 3704 777 3766 48.
799 3697 916 3761 XXIV
942 3702 1007 3763 160.
1030 3694 1124 3760 XLV
1146 3703 1197 3772 64,
1221 3704 1272 3765 85.
1305 3687 1380 3776 παρ’

272 3788 381 3856 αὑτῶν
400 3816 442 3874 με
464 3788 602 3878 ἔτρεφον
624 3796 717 3861 Dein.
740 3796 872 3861 XXVII
893 3803 940 3864 63.
983 3789 1159 3859 ἑκκαίδεκα
1187 3787 1273 3877 παρ’
1306 3793 1383 3877 ἐμοῦ

270 3889 416 3957 τάλαντα
439 3886 571 3970 ἐκτίσας
590 3895 670 3962 Luc.
691 3896 775 3962 Tim.
796 3902 834 3964 49
857 3896 900 3961 ad
922 3919 1015 3984 quem
1037 3896 1141 3963 locum
1166 3897 1205 3962 cf.
1218 3896 1384 3963 Hcmster-

271 3993 409 4058 husium.
