2836 4784
518 392 552 449 de
569 392 687 450 dialecto
704 393 890 452 Locrensium.
1200 400 1263 465 239

243 573 281 634 ll.
318 587 381 628 w·c
404 567 488 630 crasi
509 568 735 631 commiscetur
756 569 789 630 in
810 559 876 630 τών
897 569 955 645 (soi
982 562 1037 649 ἐν),
1058 557 1265 649 τώπιῖοίκῳ,

176 654 412 748 τῶνκαλειμένῳ,
436 664 524 752 Hyp.
547 669 597 745 29,
623 673 671 746 34,
695 673 745 730 il.

240 770 280 829 12.
313 784 358 849 t-c
380 763 417 827 fit
437 767 450 825 i
473 766 505 827 in
528 758 620 838 πόλῐ,
645 764 732 851 Hyp.
755 772 803 830 21.

237 863 391 927 'Videmus
408 864 506 948 igitur
519 864 650 944 Locros,
672 875 825 949 quantum
840 887 881 929 ex
893 866 1051 952 exemplis
1068 863 1260 929 concludere

174 958 239 1042 licet,
258 965 288 1026 in
303 962 473 1027 vocalibus
494 963 723 1026 contrahendis
737 964 793 1027 ubi
810 986 919 1029 omnes
937 964 1043 1029 Dores
1063 963 1267 1027 consentiunt

175 1081 223 1123 non
248 1084 265 1125 a
292 1073 472 1126 ceterorum
498 1063 624 1126 ratione
655 1063 836 1144 discedere,
871 1062 925 1127 ubi
951 1085 1028 1126 vero
1057 1065 1199 1126 severior
1227 1081 1266 1123 ac

174 1160 261 1224 mitior
274 1161 448 1225 Dorismus
470 1162 553 1224 inter
569 1183 604 1224 se
620 1161 816 1248 discrepant,
836 1161 932 1226 modo
947 1161 1032 1224 hunc
1057 1161 1152 1224 modo
1170 1160 1264 1223 'illum

175 1261 255 1342 sequi,
274 1262 434 1325 mitiorem
449 1259 601 1324 videlicet
615 1260 670 1324 ubi
690 1281 705 1321 ε
719 1282 790 1324 curn
807 1261 954 1347 sequenti
969 1259 1075 1325 vocali
1092 1259 1264 1338 concurrit,

174 1354 216 1419 ubi
235 1380 260 1441 o,
281 1359 533 1436 severiorem.³⁰)

238 1457 404 1545 Reliquum
437 1467 485 1521 est
515 1467 548 1521 ut
579 1457 684 1521 dicam
720 1458 760 1521 de
792 1457 991 1543 suppletoria
1019 1479 1116 1542 quam
1147 1462 1265 1517 vocant

176 1554 364 1636 productione
390 1556 562 1621 vocalium.
601 1556 699 1621 Olera
731 1556 852 1620 indicia
882 1556 1017 1642 praebet
1045 1552 1265 1618 tantummodo

176 1650 243 1738 Hyp.
262 1655 387 1736 titulus,
409 1656 442 1718 in
465 1678 528 1740 quo
552 1678 617 1720 acc.
641 1654 684 1740 pl.
712 1648 804 1729 τούς,
838 1650 1033 1729 ἐπι1·ὀι’κους
1053 1666 1111 1718 etc.
1134 1660 1203 1730 (ους
1223 1674 1265 1714 ex

177 1752 229 1832 ονς)
248 1762 341 1841 atque
364 1755 418 1817 ins.
442 1742 532 1833 εἶμεν
557 1758 612 1828 (ex
633 1748 760 1833 ἔσ-μεν)
781 1754 939 1838 leguntur.
981 1752 1041 1818 Oa.
1064 1753 1175 1816 titulus
1198 1773 1264 1814 acc.

178 1848 205 1909 in
225 1853 274 1913 ΟΣ
289 1853 438 1935 exhibet,
469 1854 555 1939 quod
576 1877 677 1941 aeque
699 1876 757 1939 per
784 1874 841 1927 ους
871 1852 1152 1917 transcribendum
1181 1871 1262 1930 esse,

177 1955 203 2008 ut
218 1952 292 2015 tituli
313 1952 453 2016 dialecto
475 1953 680 2034 concordent,
703 1955 811 2017 monui
835 1956 854 2032 ξ
877 1959 895 2018 3
918 1952 960 2015 ad
981 1952 1034 2016 fin.
1246 1962 1248 1967 ’

672 2274 742 2351 §a

426 2417 483 2481 De
510 2419 833 2483 consonantibus
860 2416 988 2480 matis.

176 2624 179 2632 .
242 2574 265 2633 1.
296 2566 430 2653 Duplex
454 2567 581 2652 signum
604 2569 710 2632 tenuis
732 2567 913 2653 guttur-alis,
937 2590 966 2649 κ,
982 2569 1016 2651 φ,
1041 2565 1180 2630 tractavi
1199 2566 1220 2642 ἓ
1236 2569 1264 2630 3.

177 2653 263 2727 Τέκνα
285 2689 344 2752 pro
365 2661 461 2742 τέχνα
488 2668 642 2752 scripturn
671 2676 720 2730 est
746 2666 834 2754 Hyp.
861 2673 912 2748 12,
939 2665 1040 2752 qnod,
1066 2665 1141 2728 licet
1168 2662 1264 2726 radix

173 2761 329 2849 antiquitus
350 2785 406 2826 τεκ
429 2764 542 2846 fuerit,
564 2765 637 2829 ideo
660 2767 717 2830 vix
740 2774 845 2851 potest
867 2765 981 2828 referri
1004 2765 1044 2827 ad
1067 2761 1263 2827 recordatio-

170 2865 473 2950 composititium,
497 2864 583 2950 quod
598 2866 707 2928 statim
728 2865 822 2947 infra,
845 2888 874 2928 v.
887 2869 936 2944 38,
958 2858 1052 2940 τέχνα
1074 2849 1263 2925 invenimus.

237 2961 320 3027 In'v.
338 2960 521 3049 2'ejusdem
539 2964 762 3050 inscriptionis
781 2964 898 3048 legitur
915 2963 998 3026 mira
1013 2983 1079 3025 vox
1096 2953 1262 3036 ὃπόξενος.

161 3039 198 3114 ld
214 3058 442 3126 Oeconomides
464 3063 584 3148 accipit
606 3085 666 3148 pro
689 3055 856 3144 ὁμόξενος,
877 3071 945 3125 tum
966 3063 1000 3124 in
1022 3062 1209 3124 universum
1224 3058 1264 3121 de

157 3147 342 3226 transitione
362 3180 387 3241 μ
408 3161 442 3223 in
470 3182 497 3221 π
523 3161 692 3247 disputans
722 3161 881 3247 exemplis
909 3182 1006 3245 quarn
1033 3159 1180 3246 plurimis
1209 3156 1263 3221 de-

151 3258 333 3325 monstrare
352 3258 460 3324 studet
481 3281 552 3323 cam
575 3283 806 3347 saepenumero
826 3282 885 3324 nec
905 3257 1126 3323 tantummodo
1149 3260 1183 3321 in
1199 3279 1264 3319 una

147 3334 291 3424 dialecto
318 3359 438 3423 factum
468 3381 554 3441 esse3
584 3361 765 3447 iterumque
793 3361 825 3423 in
853 3357 1058 3445 ephemeride
1086 3379 1168 3444 quae
1191 3354 1262 3419 Clio

141 3453 287 3542 locatur
316 3457 450 3522 eandem
477 3459 660 3544 opinionem
687 3458 829 3545 probare
856 3468 999 3522 conatur.
1048 3457 1160 3542 Neque
1184 3475 1262 3517 vero

139 3529 214 3616 ¹¹19
229 3557 350 3643 primus
369 3555 432 3620 hoc
450 3555 633 3623 affirmavit.
666 3558 820 3622 Attamen
835 3580 902 3621 rem
917 3564 1069 3620 accurate
1080 3553 1264 3639 inspicienti

136 3680 362 3718 k.—

224 3791 262 3853 30)
287 3787 412 3859 Vestigia
441 3789 561 3858 ejusdem
588 3787 795 3840 consuetudinis
817 3789 877 3858 jam
903 3793 1012 3841 tantum
1039 3802 1096 3838 non
1122 3785 1262 3839 obsoletae

134 3837 265 3924 Phoeni
281 3871 356 3924 tituli
373 3871 506 3941 produnt,
531 3871 693 3940 praesertim
716 3872 745 3924 in
768 3872 902 3940 genetivis
925 3871 954 3924 in
979 3890 1039 3930 ο-ος
1057 3868 1262 3922 desinentibus:

134 3934 189 3997 cf·
216 3954 280 4009 Ahr.
304 3953 370 4011 Dor.
394 3959 451 4023 2³8,
481 3958 509 4007 ct
533 3955 602 4007 adde
625 3960 743 4019 Σωσῶς,
773 3961 916 4020 Menoeis,
943 3953 1075 4009 Wescher
1092 3956 1120 4005 et
1141 3952 1265 4006 Foucart

136 4005 241 4091 lusor.
258 4037 360 4109 noph.
380 4041 438 4106 ni,
458 4041 500 4106 1⁸³
519 4041 577 4106 4³2,
597 4042 635 4094 η.

1008 4123 1054 4168 16*
