2836 4784
466 401 501 459 de
517 400 721 476 praepositione
738 399 824 475 παρά.

432 673 614 756 CAPUT
638 676 876 758 PRIMUM.

352 821 404 889 Dc
425 814 518 905 παρά
540 849 611 891 eum
628 826 769 914 perseniae
790 826 963 912 conjuncto.

625 992 695 1074 55.

148 1107 357 1191 Quomodo
380 1106 552 1174 differat
578 1099 691 1188 παρά
712 1096 731 1172 a
753 1086 1156 1196 praepositionibus

193 1208 421 1273 finitimam
444 1207 815 1294 significationem
837 1206 1109 1285 habentibus.

175 1373 436 1460 Praepositionis
465 1365 574 1455 παρά,
592 1373 719 1461 ,quippe
740 1394 822 1458 quae
843 1371 948 1437 tribus
969 1371 1098 1438 casibus
1121 1394 1214 1459 prae-

127 1481 225 1560 petuo,
248 1472 444 1558 significatio
465 1473 688 1558 maximopere
709 1474 803 1536 varia
829 1481 886 1537 est.
930 1471 1026 1537 Notio
1048 1472 1133 1536 enim
1158 1493 1213 1557 ge·

127 1573 214 1638 ralis
237 1594 322 1660 quae
343 1580 393 1636 est
412 1573 521 1654 iuxta,
553 1574 587 1636 in
608 1581 676 1637 tres
697 1570 855 1659 speciales
870 1569 1071 1653 distrahitur,
1094 1593 1136 1635 ex
1156 1594 1212 1637 na·

127 1694 165 1737 ra
204 1693 340 1736 casuum
369 1670 560 1756 quibuscum
594 1672 798 1757 componitur
828 1670 984 1739 diversas.
1034 1670 1104 1734 Iam
1133 1692 1213 1734 vero

127 1795 165 1836 ,m
189 1771 255 1835 hoc
277 1768 348 1835 loco
371 1770 412 1835 de
433 1769 527 1852 παρά
556 1791 629 1834 eum
661 1772 810 1856 genetivo
837 1768 983 1834 adhibito
1014 1768 1212 1855 disputaturi

127 1894 194 1935 nne
218 1870 493 1957 praemittendum
517 1881 575 1951 est,
599 1871 677 1955 quia
703 1870 873 1955 genetivus
902 1871 936 1934 in
957 1869 1071 1955 lingua
1092 1890 1212 1954 graeca

127 1969 189 2035 nul
212 1967 351 2033 ablativi
368 1971 445 2047 ‘vice
464 1970 632 2054 iungitur,
661 1977 767 2033 toturn
787 1969 855 2034 fere
877 1991 971 2034 usum
992 1991 1056 2035 non
1084 1992 1127 2034 ex
1155 1992 1213 2034 no·

127 2092 178 2135 »ne
200 2069 336 2154 genuini
357 2069 500 2153 genetivi
522 2067 581 2133 sed
601 2090 642 2132 ex
663 2069 795 2133 notione
817 2068 954 2133 ablativi
982 2066 1212 2154 explicandum

127 2193 170 2253 se,
194 2190 295 2256 quem
316 2167 341 2232 Ι.
359 2167 530 2232 Bekkerus
551 2177 645 2232 acute
668 2176 699 2232 et
720 2168 888 2254 ingeniose
910 2167 1079 2232 Abitivum
1101 2166 1212 2253 appel-

127 2270 178 2334 rit.
225 2266 309 2346 Quis
321 2276 370 2330 est
385 2269 463 2353 quin
479 2267 520 2332 ob
544 2266 678 2332 eandem
701 2290 850 2332 caussam
872 2268 970 2332 etiam
992 2261 1028 2329 ἐκ
1053 2260 1119 2344 πρό
1142 2257 1212 2327 ἀπό

127 2367 354 2456 aepositiones
393 2388 466 2430 oum
501 2368 651 2453 genetivo
691 2370 880 2433 coniunctas
914 2388 985 2431 esse
1022 2364 1213 2451 intellegat?

127 2489 177 2531 um
197 2486 321 2553 graeca
343 2465 456 2552 lingua
478 2476 510 2530 et
532 2468 693 2531 sanserita
707 2477 738 2531 et
759 2467 895 2532 zendioa
917 2467 1128 2546 conveniunt,
1152 2486 1214 2529 scr.

127 2588 159 2628 ro
177 2566 265 2630 enim
298 2585 325 2629 e.
349 2563 411 2629 abl.
436 2566 563 2630 omnino
591 2588 639 2651 gr.
662 2557 732 2628 ἀπό
761 2565 951 2652 respondet,
983 2575 1015 2631 et
1041 2564 1212 2629 nendicum

127 2686 174 2728 ινα
195 2686 222 2730 e.
249 2685 321 2749 gen.
345 2662 394 2741 de,
417 2663 459 2728 ab
481 2664 644 2750 significat
666 2688 692 2732 e.
715 2687 746 2751 g.
768 2667 862 2729 tanet
877 2689 963 2750 para
984 2665 1024 2729 de
1044 2684 1192 2750 corpore.

171 2761 363 2828 intellectus
377 2764 554 2850 primarius
565 2765 816 2851 praepositionis
830 2760 922 2845 παρά
932 2765 1046 2829 iuxta
1061 2763 1212 2848 genetivo

127 2861 202 2929 idito
224 2864 272 2927 ita
293 2864 440 2927 variatur
458 2872 494 2927 ut
513 2886 581 2928 rem
602 2865 695 2928 iuxta
716 2863 814 2929 aliam
829 2886 899 2928 rem
920 2865 1016 2929 sitam
1039 2885 1080 2928 ex
1103 2861 1213 2948 aliquo

127 2948 160 3028 eo
183 2963 312 3026 moveri
332 2962 494 3027 indicetur
515 2963 546 3028 h.
569 2985 593 3028 e.
623 2963 770 3029 homines
798 2964 852 3048 qui
881 2960 973 3043 παρὰ
996 2965 1083 3046 νηῶν
1104 2951 1213 3046 ἦλθον

127 3070 187 3126 dea
210 3056 305 3139 παρὰ
326 3055 420 3141 νηυσί
438 3062 578 3144 fuerunt,
601 3072 633 3128 et
655 3086 728 3128 cum
750 3061 839 3148 apud
855 3061 1033 3127 Homerum
1055 3061 1146 3127 Areu
1168 3059 1213 3124 le-

127 3182 197 3225 mus
220 3154 394 3244 φάσγανον
416 3152 472 3237 ὀξὺ
496 3155 715 3243 ἐρυσσάμενος
734 3157 827 3240 παρὰ
848 3163 956 3246 μηροῦ
977 3183 1087 3226 omnes
1108 3162 1214 3225 sciunt

127 3256 239 3325 adium
254 3268 350 3324 antea
365 3258 517 3341 adlatus,
539 3262 632 3325 iuxta
653 3260 738 3325 latus
762 3281 955 3346 suspensum
977 3261 1086 3326 fuisse.
1110 3261 1213 3324 Nemo

127 3383 154 3424 ιιι
174 3357 270 3423 videt
291 3380 333 3423 ex
354 3359 444 3423 hisce
465 3359 555 3441 lucie,
578 3369 779 3446 quantopere
798 3360 931 3446 proprie
951 3360 1036 3424 inter
1058 3381 1129 3424 sese
1152 3358 1213 3423 dif-

127 3467 198 3524 rant
220 3459 480 3545 praepositiones
510 3453 546 3520 ἐκ
576 3468 607 3523 et
638 3451 731 3537 παρά
760 3457 901 3522 dilucide
929 3461 1073 3546 perspici
1105 3481 1213 3546 posse.
1290 3517 1293 3520 ,

145 3557 289 3624 dixisset
310 3567 407 3643 poeta
433 3551 655 3639 ἐρυσσάμενος
686 3551 723 3619 ἐκ
749 3560 858 3642 μηροῦ
887 3556 1015 3644 gladius
1052 3551 1087 3620 ἒν
1117 3559 1213 3642 μηρηῖ

127 3656 269 3724 llocatus
292 3656 423 3737 fuisset;
453 3657 599 3722 declarat
622 3658 705 3721 enim
729 3651 782 3738 ἐκ,
803 3654 874 3721 reni
895 3657 1037 3745 aliquam
1059 3677 1142 3743 quae
1164 3654 1212 3719 di·

127 3767 262 3822 oveatur
285 3764 361 3819 ante
381 3755 417 3818 e'a
437 3777 473 3819 re
494 3756 603 3821 fuisse.
645 3756 811 3820 Differunt
833 3757 932 3821 etiam
954 3756 996 3822 ob
1019 3777 1091 3819 eam
1121 3775 1212 3818 caus-

127 3878 160 3920 m
181 3847 278 3936 παρά
301 3864 400 3943 atque
422 3849 474 3936 ἐκ,
503 3854 590 3940 quod
619 3856 685 3919 iarn
713 3855 748 3919 in
780 3855 917 3922 Homeri
945 3852 1145 3920 carminibus
1175 3847 1212 3914 ἐκ

127 3955 185 4021 iam
205 3952 390 4020 caussalem
412 3954 479 4018 vim
500 3953 598 4019 habet
624 3953 712 4018 velut
734 3977 754 4016 α
778 3959 816 4023 33
847 3954 900 4019 vel
923 3958 958 4015 N
961 3960 1021 4021 632
1042 3946 1100 4014 σέο
1123 3944 1151 4014 δ’
1175 3945 1212 4014 ἐκ

127 4045 167 4120 {us
187 4047 301 4119 noina
323 4048 496 4121 πέλονται.
539 4052 601 4120 Est
629 4053 731 4140 igitur
756 4054 956 4143 praepositio
989 4047 1025 4118 du
1054 4052 1161 4144 magis
1192 4075 1213 4121 a
