2836 4784
152 346 211 428 114
666 352 763 430 nagor

232 518 417 590 ὑπακούειν
448 517 495 600 εἷς
526 521 565 588 τὸ
599 520 813 612 δικαστήριον
843 523 893 589 III
927 547 953 588 e.
979 529 1026 605 19,
1058 522 1178 588 similia
1213 546 1240 609 a]

151 626 311 712 Krueger.
339 649 387 711 gr.
417 648 465 712 gr.
495 628 525 706 ξ.
556 631 606 693 68.
634 632 684 708 21,
714 633 743 692 4.
773 623 856 690 Bab.
891 623 985 687 affert
1013 622 1100 686 Isaei
1124 621 1183 703 IV,
1212 627 1240 688 21

150 719 254 787 πόλιν
276 716 484 810 ἄπογραφεὶς
504 715 553 798 εἷς
572 720 630 809 τὴν
650 718 774 810 βουλὴν
799 716 983 805 ὑποχωρῶν
1004 711 1108 804 ᾤχετο
1129 717 1186 782 καὶ
1207 711 1240 783 οὑ

58 836 62 843 ’
151 818 345 911 ὑπήκουσεν.
389 822 455 887 Sed
476 821 564 886 nulla
593 823 769 889 similitudo
795 820 968 887 intercedit
988 820 1072 884 inter
1094 830 1240 906 utrumqr

150 925 272 1004 locum3
291 915 339 999 εἷς
357 911 415 1007 τὴν
434 915 557 1006 βουλήν
579 925 719 1008 pertinet
735 922 779 988 ad
793 913 1001 1007 ἀπογραφαῖς
1015 919 1053 984 cf.
1069 919 1191 985 Aeseh.
1210 918 1240 984 Π

151 1031 186 1091 51
222 1013 273 1085 ὅτ’
304 1009 476 1106 ἐγράψατο
504 1013 552 1097 εἷς
571 1012 703 1099 ’Ἀρειον
729 1015 848 1104 πάγον,
884 1019 1032 1084 similiter
1064 1018 1190 1083 dictum
1222 1042 1238 1082 e

152 1132 248 1209 atque
269 1113 493 1204 εἰσαγγέλλειν
515 1112 562 1195 εἰς
583 1116 639 1206 τὴν
656 1115 779 1207 βουλήν
794 1121 834 1186 ef.
849 1120 982 1206 Antiph.
996 1119 1054 1195 VI,
1070 1125 1119 1186 35.
1142 1117 1239 1182 Ando

151 1222 177 1304 Ι,
200 1227 248 1290 37.
276 1221 376 1286 Isoer.
398 1220 490 1303 XVI,
513 1224 545 1303 63
575 1219 866 1285 audaciusisaeus
892 1219 953 1303 HI,
976 1225 1015 1287 62
1038 1209 1240 1300 εἷσαγγελθε,

152 1320 199 1395 εἰς
212 1316 271 1384 τὸν
292 1312 433 1401 ἄρχοντα
457 1319 550 1386 dixit.
572 1312 756 1383 ὑπακούειν
776 1318 924 1385 absolute
945 1328 1123 1406 usurpatur
1143 1317 1240 1382 Hero:

152 1418 212 1501 ΠΙ,
238 1425 303 1486 148.
325 1419 382 1502 IV,
410 1425 475 1487 109.
496 1425 549 1484 201
579 1418 619 1483 cf.
641 1419 788 1484 Lissneri
810 1409 920 1506 progr.
941 1419 1039 1504 Eger.
1066 1422 1145 1486 1856
1170 1441 1202 1505 p.
1217 1423 1240 1484 3.

155 1517 357 1604 Comparetti
379 1517 428 1584 ed.
451 1518 539 1604 Hyp.
562 1541 621 1606 pro
643 1517 728 1587 Eux.
750 1541 797 1584 or.
816 1541 850 1606 p.
872 1524 922 1584 67.
943 1524 992 1586 68.

234 1611 341 1699 ὑπέρα
376 1618 415 1682 fr.
451 1624 509 1686 183
536 1619 621 1683 funis
627 1668 635 1700 ,
667 1641 729 1706 quo
763 1626 976 1682 antennarum
1006 1637 1130 1682 cornua
1163 1625 1240 1680 tram

153 1718 309 1798 feruntur,
329 1716 512 1799 tenduntur,
534 1717 696 1783 laxantur.
718 1715 859 1782 Boeckh.
881 1716 922 1782 de
941 1719 1037 1781 inser.
1059 1737 1136 1780 nav.
1150 1738 1182 1801 p.
1201 1721 1236 1780 15

153 1814 365 1881 Proverbiale
387 1815 508 1880 dictum
530 1807 628 1902 ἀφεὶς
647 1812 705 1901 τὴν
725 1809 851 1899 ὑπέραν
871 1813 927 1881 τὸν
945 1810 1038 1879 πόδα
1058 1809 1176 1878 ὑιιόκει
1197 1824 1240 1880 tu

154 1937 250 2001 quam
267 1915 447 2003 Hyperidis
462 1918 579 1981 citatur
603 1926 635 1980 et
656 1910 713 1978 ἐπὶ
732 1917 799 1978 τῶν
818 1911 1001 1998 παριέντων
1020 1910 1082 1996 μὲν
1103 1911 1144 1977 τὰ
1160 1935 1240 1978 οποτ

153 2008 319 2098 ὑαιότερα,
344 2011 416 2096 περὶ
438 2010 474 2077 δὲ
492 2012 533 2077 τὰ
555 2013 669 2100 φαῦλοι
693 2009 931 2097 διατριβόντων
953 2014 1145 2103 explicatur.

233 2109 369 2198 ὑπερῷα
391 2109 515 2197 ε’γεῖραι
536 2115 575 2181 fr.
604 2122 658 2183 166
672 2145 714 2169 =
727 2111 764 2177 τό
792 2106 960 2197 ἀνώγαιον
979 2107 1114 2201 οἴκημα.

232 2224 251 2292 †
272 2207 634 2299 ὑποπαραπεμφθῆναι
653 2215 669 2279 Ι
691 2237 718 2278 e.
732 2220 772 2282 25
787 2216 872 2302 eonj.
892 2213 1026 2302 Saupp.‚
1049 2208 1135 2277 οὑτω
1158 2233 1240 2294 παρα

153 2314 353 2399 πεμφθῆναι
373 2312 478 2378 Blass.

234 2403 303 2494 χείρ
334 2411 369 2475 Π
397 2412 511 2497 fragm.
543 2413 593 2477 IlI
627 2436 655 2500 p.
677 2388 824 2479 22=v5
850 2407 1072 2498 χειρόγραφον
1100 2412 1141 2476 ef.
1161 2409 1240 2476 Bael

154 2533 261 2576 mann.
282 2510 394 2575 anecd.
415 2510 432 2574 Ι
453 2533 486 2595 p.
507 2517 579 2593 414,
602 2517 651 2578 24.
