2836 4784
446 338 480 394 de
498 338 615 395 dialecto
633 335 819 394 Locrensium.
1138 345 1200 410 265

129 507 155 570 is
187 505 340 570 Ahrensii
374 507 598 572 tractationem
635 510 818 596 perlegerit,
851 517 886 571 ut
920 529 978 592 pro
1007 494 1094 572 certo
1118 529 1195 571 con-

129 628 168 670 ‚re
198 604 348 670 videatur
380 605 464 670 hanc
499 609 722 674 transitionem
755 630 871 673 revera
900 606 988 692 apud
1021 606 1199 671 Aeolenses

129 714 200 769 ztam
225 726 304 768 esse.

165 803 317 868 Attamen
346 803 451 869 denuo
483 827 551 868 rem
581 807 793 892 perpendenti
822 805 1041 869 dubitationes
1065 826 1098 867 se
1122 805 1197 868 offe-

129 913 159 967 rt
180 904 352 990 quominus
373 903 456 967 hanc
479 905 669 968 sententiam
687 907 833 991 protinus
856 904 996 990 adoptet
1032 903 1196 968 Transitio

147 1025 210 1087 qua
231 1003 355 1087 agitur,
384 1003 443 1066 etsi
475 1003 669 1085 cogitatione
695 1005 774 1090 fingi
798 1005 918 1089 possit,
951 1012 1060 1065 tamen
1082 1025 1141 1087 per
1161 1025 1196 1066 se

129 1124 196 1164 rum
221 1110 269 1164 est
286 1101 482 1165 verisimilis.
514 1102 599 1164 Sane
623 1103 761 1188 duplicis
785 1103 1022 1190 conjugationis
1046 1100 1195 1186 exemplo

129 1209 159 1262 rt
178 1199 280 1263 verba
302 1200 335 1262 in
357 1221 461 1279 -νυμι,
484 1194 584 1273 -νιῖω,
610 1201 666 1263 sed
689 1202 742 1265 hic
761 1202 898 1266 formam
923 1203 956 1265 in
977 1222 1016 1279 μι
1039 1202 1196 1286 antiquio·

129 1319 162 1380 n,
186 1299 383 1384 stirpemque
405 1301 585 1385 posteriore
616 1310 760 1386 tempore
790 1324 848 1386 per
870 1299 1078 1365 thematieam
1100 1322 1195 1362 voca·

129 1420 147 1460 3
168 1397 399 1484 amplificatam
423 1419 509 1478 esse,
533 1397 628 1461 docet
648 1397 760 1484 lingua
781 1399 955 1463 Senserita.
999 1398 1103 1461 Aliter
1126 1420 1196 1460 sese

129 1499 200 1559 bent
223 1496 464 1560 denominativa
492 1497 526 1559 in
553 1490 640 1570 -cim,
665 1492 743 1579 -e'or,
765 1492 851 1572 -o‘wr
882 1521 956 1561 nam
984 1496 1197 1560 haecomnia

149 1594 276 1681 a-jomt‘,
298 1595 433 1659 formam
454 1595 629 1659 verborum
652 1595 872 1661 derivatorum
894 1597 1124 1681 arqhetypam,
1146 1617 1195 1658 re·
1259 1600 1261 1606 ’

129 1695 232 1759 nenda
253 1705 336 1759 sunt.
373 1695 480 1782 Hujus
502 1697 593 1780 prius
616 1701 634 1760 o
657 1696 699 1759 ad
722 1697 855 1781 stirpem
886 1698 1025 1781 pertinet
1051 1696 1183 1758 nomina

129 1817 157 1877 n,
179 1793 236 1858 sed
254 1795 292 1878 ja
317 1791 444 1880 syllaba
465 1792 616 1857 suffixum
644 1795 777 1859 verbale
800 1805 857 1859 est.
902 1793 1077 1880 Oporteret
1097 1794 1196 1877 igitur

129 1915 210 1957 nere
241 1893 393 1956 suffixum
423 1894 456 1956 in
482 1892 548 1956 illis
575 1893 686 1958 formis
712 1895 808 1980 plane
839 1894 1025 1975 evanuisse3
1053 1891 1086 1954 id
1109 1889 1194 1977 quod

129 2013 187 2079 que
208 1990 378 2078 probabile
400 2000 448 2055 est
469 2013 572 2077 neque
600 1994 758 2080 exemplis
786 1992 909 2056 firmari
939 2001 1052 2078 potest.
1107 1992 1194 2054 Huic

129 2092 230 2156 inioni
257 2090 292 2154 id
321 2112 447 2178 quoque
475 2090 583 2154 obstat
616 2093 703 2178 quod
728 2093 850 2158 formae
881 2099 940 2179 per
966 2100 1014 2155 tot
1041 2089 1195 2155 dialectos

129 2214 228 2273 ursae,
245 2189 430 2276 singulatim
443 2193 596 2254 tamenin
611 2189 775 2278 plerisque
793 2200 1009 2272 occurrentes,
1023 2190 1194 2253 vetustatis

129 2291 191 2354 tius
215 2313 311 2377 quam
332 2291 486 2353 novitatis
502 2291 641 2375 speciem
659 2312 739 2377 prae
762 2315 795 2355 se
816 2292 925 2355 ferunt
933 2314 942 2372 3,
962 2289 1060 2376 idque
1076 2289 1195 2352 certius

129 2387 232 2452 lditur
253 2390 495 2475 comparatione
510 2388 647 2452 Latinae
662 2389 791 2475 linguae
806 2400 841 2453 ut
862 2390 947 2453 infra
969 2388 1195 2474 apparebit.⁴⁶)

129 2486 229 2553 ibium
252 2489 384 2573 insuper
405 2487 534 2552 videtur
555 2511 632 2552 num
656 2488 831 2554 similitudo
852 2489 909 2553 illa
930 2498 1065 2554 externa
1086 2508 1195 2551 omnes

129 2586 177 2652 rbi
203 2588 325 2652 formas
356 2586 533 2674 pervadat3
562 2589 679 2650 etenim
711 2611 807 2675 quum
838 2588 998 2675 producta
1020 2586 1140 2651 vocalis
1162 2588 1196 2649 in

129 2683 244 2772 lqaov‚
276 2680 436 2773 φίλημαι,
467 2680 656 2775 patriliaco,
688 2683 857 2772 φίλησθαι
885 2690 981 2752 certis
1004 2686 1196 2750 testimoniis

129 2796 212 2852 mata
234 2787 285 2869 sit,
307 2787 365 2850 vix
386 2784 514 2849 Lesbiis
536 2784 707 2850 insolentia
728 2780 881 2872 tldqrov,
905 2788 1066 2871 τίθημαι,
1095 2777 1196 2869 τιθή-

129 2887 185 2966 θα,
207 2878 376 2969 τίθησθαι
389 2886 429 2962 ⁴⁷)
450 2885 637 2967 tribuerim,
660 2885 779 2950 nedum
805 2887 920 2950 ceteris
941 2884 1090 2950 omnibus
1112 2882 1195 2948 Aeo-

129 2985 152 3049 is
175 2984 370 3072 Dorioisque
401 2985 566 3070 gentibus,
599 3006 682 3073 quae
713 2985 921 3050 nihilominus
951 2977 1133 3070 καλήμενος
1165 2992 1196 3046 et

130 3183 217 3248 ulum
240 3182 354 3247 saltem
374 3185 530 3249 faciemus
540 3230 549 3262 ,
571 3204 647 3244 num
671 3184 767 3247 etiam
787 3184 848 3248 hae
867 3185 1055 3248 remotiores
1073 3183 1196 3247 formae

146 3421 190 3486 46)
208 3415 330 3470 Hirzelio
353 3416 438 3486 igitur
461 3435 518 3472 non
540 3436 652 3488 possum
675 3417 803 3472 assentiri
831 3417 902 3486 (Zur
926 3414 1127 3481 Beartltciluaq
1149 3413 1196 3466 dea

129 3502 157 3555 tl.
178 3501 332 3568 Dialectcs,
355 3517 418 3571 pag,
441 3506 472 3555 57
491 3505 544 3572 sq.)
569 3503 616 3573 qui
639 3509 727 3557 totum
754 3502 807 3555 hoc
835 3519 923 3573 genus
944 3499 1031 3552 falsae
1049 3495 1195 3565 analogiae
1232 3502 1248 3535 '-

129 3584 227 3639 borum
245 3583 274 3636 in
292 3605 325 3654 μι
344 3584 478 3653 attribuit,
498 3591 526 3638 et
542 3592 625 3656 putat
640 3587 725 3640 verba
744 3586 963 3651 denominativa,
983 3581 1081 3635 suffixo
1098 3581 1129 3648 ja
1148 3579 1195 3631 ab·

129 3685 166 3764 o,
190 3684 250 3722 sese
275 3669 311 3722 ad
334 3685 457 3722 normam
479 3670 588 3723 illorum
612 3670 813 3738 conformasse,
841 3685 874 3722 ac
892 3664 1099 3720 terminationes
1116 3662 1195 3731 stirpi

129 3751 222 3818 niuali,
237 3752 317 3821 quasi
335 3769 423 3807 novae
436 3753 522 3807 radici
539 3757 623 3821 („dae
637 3756 680 3809 als
692 3755 751 3810 eine
762 3771 829 3809 acue
847 3752 956 3808 Warael
966 3749 1072 3818 qcfttlt
1082 3749 1194 3813 werd“),

129 3851 211 3890 xrsse.

143 3922 188 3982 47)
208 3917 305 3989 Neque
328 3920 502 3973 excitandum
523 3927 564 3975 est
583 3922 694 3977 Homer.
723 3923 885 3992 τιθήμενος,
910 3932 981 3987 quae
1002 3914 1090 3991 forma
1116 3913 1194 3966 metri

130 4001 171 4055 tia
190 4002 327 4073 producta
345 4008 393 4059 est.
