2836 4784
497 357 532 411 de
550 355 709 413 Graecitate
726 358 894 430 Hyperidea.
1199 357 1255 433 11¹3

205 517 207 524 ’
238 517 412 610 προηγητι’ς
426 525 460 589 II
482 547 507 589 c
530 533 559 593 4.
580 524 678 591 Bab.:
701 525 855 612 ,Hesych
876 526 941 591 and
963 527 1055 593 Eust.
1079 534 1183 612 (1399,
1207 538 1254 608 18)

184 618 342 710 προγγιγτής·
366 616 385 686 ri
407 626 465 686 τοῦ
490 617 620 706 ζεύγους
640 621 889 709 προηγούμενος
910 621 945 688 ἐν
965 627 1034 701 τοῖς
1054 623 1183 711 γάμοις.
1225 631 1257 695 Ι1

184 727 199 788 ir
214 747 276 808 very
299 721 458 811 probable
487 722 558 788 that
586 722 651 788 this
679 747 819 811 passage
848 728 885 790 of
898 726 1085 813 Hyperides
1113 752 1179 793 was
1201 730 1255 795 the

182 822 245 907 place
269 822 374 888 which
403 821 481 908 they
508 821 574 887 had
604 823 637 886 in
666 825 756 888 view.
798 826 814 890 I
837 825 920 890 have
947 837 1003 891 not
1024 825 1107 893 been
1129 828 1255 894 ableto

180 933 235 986 neet
250 922 323 987 with
345 945 411 1009 any
434 921 525 987 other
551 920 646 1007 place
676 923 710 987 in
732 923 836 989 which
857 925 911 990 the
932 925 1023 990 word
1044 927 1072 991 is
1095 927 1254 1014 similarly

179 1021 246 1087 uscd‘.
285 1022 324 1087 cf.
348 1020 388 1087 A.
410 1021 549 1085 Beckeri
572 1020 713 1088 Charicl.
735 1022 785 1089 III
807 1047 838 1109 p.
861 1028 931 1091 306.

233 1115 551 1203 γπροοκαταμέιειι
571 1121 622 1187 III
644 1145 671 1186 c.
694 1127 743 1189 29.

233 1214 430 1302 προσπτύειν
451 1217 536 1302 πρὸς
556 1217 595 1286 τὸ
617 1215 800 1303 πρόσωπον
821 1224 860 1287 fr.
887 1230 960 1291 101:
982 1224 1172 1312 plerumque
1193 1226 1255 1292 hoc

177 1319 335 1385 vocabrdum
355 1319 502 1385 dativum
525 1319 714 1409 adjunctum
735 1321 847 1405 habet,
870 1326 1091 1389 accusativum
1114 1349 1166 1414 ap.
1188 1326 1254 1391 Lu-

177 1421 232 1488 eiau.
250 1442 352 1507 symp.
375 1442 404 1483 e.
427 1424 476 1487 33.

231 1511 336 1581 πιολαί
355 1518 394 1583 fr.
415 1527 451 1587 16
465 1550 508 1574 =
521 1514 677 1602 προίοεις,
703 1513 771 1584 ἔστι
793 1511 940 1604 τοῦνομα
964 1519 1018 1586 καί
1040 1517 1074 1586 εἰ
1095 1525 1166 1600 τοῖς
1180 1518 1258 1588 Ed-

177 1638 265 1700 γροιος
282 1610 465 1699 Ἀνδρείοις
485 1618 646 1706 Harpocr.

230 1712 425 1804 ῥᾳδιώτερος
450 1720 489 1786 fr.
513 1723 552 1786 89
580 1720 904 1808 exunoHyperide
924 1723 1073 1787 novimus
1095 1745 1252 1789 memora·

175 1824 263 1882 tuna
292 1817 373 1883 Poll.
402 1819 443 1901 V,
472 1825 546 1903 1073
580 1828 653 1885 sunt
687 1823 742 1907 qui
776 1822 806 1884 ei
837 1815 1050 1905 ρᾳδιὲοτερος
1082 1824 1252 1888 restituere

177 1913 259 2000 velint,
290 1916 379 2005 quod
405 1917 521 1983 Athen.
550 1918 584 1982 X
608 1943 639 2007 p.
670 1920 777 1988 424D
808 1929 941 2007 propter
969 1920 1053 1986 hanc
1079 1924 1186 2009 ipsam
1218 1924 1252 1986 in

177 2033 273 2099 εοπρος
291 2018 550 2082 terminationem
575 2028 610 2083 ut
630 2018 811 2106 Hyperidis
831 2019 932 2084 affert.

231 2110 494 2203 σκευοποιήματα
520 2118 559 2182 fr.
584 2122 632 2196 98,
667 2117 751 2182 Plut.
778 2117 888 2184 Crass.
918 2141 944 2183 c.
975 2123 1014 2185 33
1045 2143 1104 2206 pro
1135 2121 1253 2184 instru-

177 2224 251 2282 mento
272 2218 400 2282 scenico
423 2239 446 2282 s.
468 2215 555 2282 cultu
575 2227 800 2304 apparatuque
822 2219 1023 2282 scenicorum
1046 2221 1151 2304 ponit;
1172 2218 1253 2285 Poll.

178 2307 204 2393 Χ,
221 2321 249 2382 15
269 2325 303 2380 ut
324 2315 507 2402 Hyperidis
529 2317 617 2400 citat,
640 2316 697 2382 sed
719 2341 784 2382 non
806 2317 906 2399 addit,
929 2340 993 2404 qua
1013 2318 1251 2403 significatione

180 2415 314 2500 teeipiat.

230 2509 535 2600 ἐοτιγλοκοπημένος
562 2515 601 2578 sr.
623 2520 683 2582 233
712 2516 731 2580 i.
755 2538 781 2581 e.
804 2509 1070 2599 ἐστηλιτεομέοος
1098 2519 1133 2581 in
1157 2518 1254 2603 cippo

178 2605 331 2702 inscriptae,
363 2615 504 2678 omnium
534 2615 701 2701 expositus
724 2614 825 2679 oculis
849 2626 881 2680 et
903 2617 1036 2680 infamia
1057 2616 1190 2680 aflectus
1213 2617 1253 2681 cf.

175 2707 241 2779 ehu
282 2713 325 2779 ad
362 2712 515 2799 Gregorii
547 2714 747 2778 Nazianzeni
784 2709 854 2797 λόγ.
897 2711 1020 2799 eapite.
1079 2715 1255 2779 Praeterea

174 2796 408 2898 ἕπηλοκόπιμαι
430 2821 466 2877 ut
487 2811 667 2899 Hyperidis
690 2813 783 2878 affert
806 2813 960 2899 Hermog.
983 2813 1023 2878 de
1045 2814 1138 2879 form.
1161 2838 1205 2879 or.
1221 2814 1255 2878 Π

174 2907 233 2988 ihi
277 2920 368 2982 ,382
390 2911 444 2977 W.

228 2937 469 3094 odppoorcipxor
506 3013 544 3077 fr.
579 3018 632 3079 151
675 3014 713 3078 cf.
743 3011 886 3078 Boeckh.
919 3012 959 3077 de
991 3035 1056 3078 oec.
1089 3012 1206 3078 Athen.
1237 3015 1254 3079 I

227 3204 386 3289 τοκίζεται
409 3201 497 3293 αὐτῷ
520 3200 677 3294 ἀργύριον
702 3212 740 3274 fr.
762 3218 838 3291 2733
868 3213 1039 3298 passivum
1061 3212 1148 3298 apud
1169 3213 1252 3278 Plut.

166 3298 206 3368 Iit·
225 3309 320 3376 Arist.
349 3333 376 3376 c.
409 3317 436 3393 1,
460 3310 495 3377 O.
517 3308 541 3375 I.
565 3310 621 3376 Gr.
649 3309 698 3377 ed.
726 3308 870 3376 Boeckh.
897 3317 974 3378 1845
1005 3333 1037 3397 p.
1057 3318 1107 3393 22,
1133 3318 1178 3378 12.
1201 3320 1255 3397 30,

164 3399 199 3481 24,
218 3413 260 3476 76.

226 3502 392 3594 τραγῳδία
413 3507 448 3574 Π
479 3531 505 3574 e.
534 3517 580 3590 10,
603 3508 654 3572 ΠΙ
676 3531 701 3573 c
725 3514 764 3575 37
787 3507 827 3583 de
848 3510 1099 3594 exaggeratione
1119 3512 1253 3594 tragica.

159 3606 319 3692 1θθῑγῳόεῖν
341 3631 394 3695 ap.
417 3609 512 3674 Dem.
535 3608 660 3691 XVIII,
687 3615 732 3676 13.
754 3607 847 3690 XIX,
875 3615 947 3682 1893
975 3608 1066 3672 addit
1088 3608 1182 3672 Bah:
1209 3610 1253 3691 ,in

155 3682 225 3768 later
245 3711 370 3773 writers
393 3707 458 3772 this
481 3731 539 3773 use
562 3708 597 3773 of
619 3701 786 3791 τραγῳδία
808 3709 837 3771 is
859 3717 915 3772 not
934 3731 1016 3793 very
1037 3709 1252 3771 uncommun‘.

153 3787 180 3854 e
200 3798 315 3895 Polyb.
338 3809 396 3890 vr,
419 3816 468 3876 sc.
489 3808 588 3874 oros.
612 3808 676 3872 so.
698 3807 790 3888 xlx,
813 3813 842 3874 o.

228 3901 431 3995 τολοφάντης
452 3909 490 3973 fr.
514 3914 572 3977 128
600 3907 655 3995 qui
683 3906 820 3971 culcitas
848 3908 936 3970 texit.
962 3905 1043 3969 Lob.
1067 3902 1108 3966 ad
1132 3901 1252 3987 Phryn.

192 4097 216 4138 0
227 4110 331 4162 nitius,
348 4111 452 4152 Studien.
475 4111 516 4151 ΠΙ.
1030 4104 1044 4154 S
