2836 4784
249 384 271 450 8
762 375 842 441 Rau*

248 543 355 608 forma
377 535 426 605 rui
449 551 580 608 servata
600 542 696 609 nobis
727 554 776 608 est
803 545 838 608 in
868 542 1135 630 inscriptionibus
1157 542 1368 609 Halicarnas-

249 641 409 726 sensibus,
432 641 556 730 publici
578 642 661 708 iuris
682 644 778 709 factis
800 667 821 708 a
844 644 1011 708 Newtonio
1043 641 1085 719 (A
1106 641 1232 728 history
1253 644 1290 708 of
1314 643 1372 707 the

250 741 449 807 discoveries
470 751 506 807 at
516 742 642 808 Cnidus
663 742 728 807 and
748 742 939 826 Heliorum),
963 764 1099 830 quarum
1120 742 1367 828 inscriptionum

249 851 375 928 partem
397 842 499 907 edidit
520 852 552 906 et
573 843 808 929 interpretatus
831 850 880 907 est
902 841 1218 910 O.Wachsmuthius
1239 840 1367 918 (Rhein.

248 940 332 1007 Mus.
354 941 478 1025 XVIII,
500 948 582 1020 570).

437 1033 552 1106 'Atto
573 1042 678 1105 ταῦτα
698 1036 759 1122 μὲν
779 1033 880 1126 ταύτῃ
902 1030 1180 1126 πεφροιμιάσθω.

626 1295 766 1378 PARS
789 1293 979 1376 PRIOR.

324 1440 374 1505 Da
392 1465 457 1505 asu
469 1445 718 1529 praepoaa'cabnia
739 1437 832 1529 παρά
858 1469 929 1510 cum
949 1441 1076 1507 cautas
1099 1439 1293 1505 coniunctae.

766 1614 796 1692 s.
818 1618 848 1677 4.

582 1790 585 1795 .
643 1725 975 1794 Praemittenda.
1057 1797 1060 1800 .

332 1887 511 1978 Postquam
546 1891 588 1956 de
614 1893 720 1959 forma
749 1893 1000 1980 praepositionis
1026 1883 1119 1972 παρά
1157 1888 1369 1974 exposuimus

250 1987 550 2080 particularumque
569 2003 790 2080 cognatarum,
811 1998 897 2057 nunc
918 1991 960 2070 de
980 2015 1040 2056 usu
1062 1987 1287 2056 disserendum
1311 1998 1369 2069 est,

249 2088 336 2173 quod
358 2090 387 2153 si
407 2101 496 2156 recte
517 2093 627 2158 facere
644 2093 809 2172 volumus,
832 2094 971 2179 primum
994 2093 1078 2156 ratio
1103 2089 1261 2176 adquam
1288 2087 1370 2151 haec

249 2188 396 2275 quaestio
417 2190 616 2258 instituenda
637 2193 799 2274 videatur,
821 2191 1035 2257 monstranda
1058 2192 1129 2256 erit.

332 2287 502 2355 Historiae
515 2294 797 2380 praepositionum
808 2293 873 2356 tria
886 2301 1034 2377 tempora
1050 2286 1280 2374 distinguenda
1296 2308 1367 2350 esse

250 2387 329 2450 mihi
351 2410 424 2451 cum
445 2399 659 2477 praeceptore
681 2391 721 2457 G.
738 2392 850 2459 Curtio
873 2391 1032 2456 convenit.

332 2486 358 2551 Ι.
381 2484 503 2552 Omnes
524 2491 783 2576 praepositiones
804 2490 933 2555 fuerunt
955 2487 1122 2570 adverbia,
1145 2488 1195 2551 sui
1217 2486 1306 2550 iuris.
1319 2487 1343 2561 Ἰ)

332 2584 377 2650 Π.
393 2585 658 2673 Praepositiones
673 2599 791 2654 natura
805 2589 1026 2677 praefixorum
1048 2587 1180 2651 indutae
1201 2608 1275 2649 cum
1297 2584 1366 2646 ver-

250 2683 301 2750 bis
316 2687 513 2773 compositae
529 2697 617 2771 sunt3
638 2710 722 2776 quae
744 2689 935 2777 compositio
957 2711 1055 2776 quam
1075 2686 1153 2751 laxa
1173 2686 1271 2749 fuerit
1291 2683 1367 2747 inde

250 2793 389 2872 apparet
402 2784 489 2870 quod
501 2785 564 2851 hac
573 2788 800 2876 conjunctione
814 2787 964 2876 neglecta
982 2809 1096 2852 rursus
1121 2786 1170 2849 sui
1193 2784 1274 2849 iuris
1295 2783 1366 2868 fimi

250 2894 403 2969 possunt;
423 2885 510 2972 quod
531 2908 687 2972 perverso
709 2889 839 2953 nomine
859 2889 978 2974 τμῆσιν
998 2884 1203 2973 grammatici
1224 2883 1366 2948 nomina-

250 2993 376 3070 uerunt.

332 3084 391 3150 ΠΙ.
411 3085 675 3170 Praepositiones
692 3109 765 3151 cum
777 3086 908 3152 casibus
930 3087 1095 3152 nominum
1118 3084 1366 3166 coniunguntur,

251 3205 289 3246 eo
312 3183 445 3249 consilio
467 3193 503 3250 ut
524 3186 637 3251 variae
658 3209 792 3251 casuum
823 3186 1076 3272 significationes
1104 3182 1288 3248 accuratius
1319 3181 1366 3245 di-

204 3334 207 3340 .
251 3283 465 3369 stinguantur.
489 3285 538 3353 Of.
555 3284 687 3372 Lange:
707 3285 948 3373 Andeutungen
961 3285 1042 3350 iiber
1053 3282 1124 3348 Ziel
1136 3282 1203 3347 und
1213 3281 1367 3347 Methode

210 3401 214 3409 ·
251 3380 310 3445 der
331 3383 578 3469 syntaktischeu
600 3385 801 3472 Forschung.
829 3383 1045 3455 Gott.Philol.
1065 3380 1366 3447 Versamml.1852.

327 3480 387 3556 Ex
409 3484 466 3565 eis,
495 3506 579 3570 quae
602 3486 821 3572 exposuimus
851 3483 1106 3550 concludendum
1137 3482 1267 3546 videtur
1296 3505 1367 3545 csse

251 3584 425 3679 genuinam
448 3584 718 3669 significationem
741 3584 928 3661 certissime
943 3605 984 3648 ex
1003 3581 1193 3667 adverbiali
1224 3605 1286 3645 usu
1315 3600 1367 3644 co*

246 3683 365 3775 gposci
385 3704 496 3777 posse3
527 3685 584 3773 qui
604 3707 681 3765 usus
708 3682 831 3770 duplex
856 3692 923 3764 est,
952 3679 1035 3749 alter
1063 3705 1134 3745 cum
1166 3681 1365 3767 praepositio

251 3854 254 3859 Ι
318 3864 350 3950 ²l
372 3881 433 3936 Iam
454 3882 608 3939 Varronem
629 3856 774 3952 ingeniose¹
799 3856 873 3934 hanc
898 3879 1134 3952 praepositionum
1155 3882 1284 3932 naturam
1306 3895 1366 3949 per·

246 3965 372 4035 spexisse
390 3966 466 4047 ,bene
491 3964 700 4022 Schoemannus
721 3962 851 4034 (Redeth.
872 3967 930 4034 171)
948 3981 982 4020 ex
997 3962 1059 4018 loco
1077 3960 1174 4018 Scauri
1192 3962 1226 4016 de
1244 3964 1366 4034 orthogr.

246 4037 617 4122 'sfazeaa··sonuse:2;
706 4046 744 4099 (η
790 4061 793 4069 ·
836 4070 841 4081 -
909 4045 914 4051 “
