2836 4784
216 360 445 458 ,δι’
640 368 913 424 ,ιιιτ

340 536 598 622 Praepositionis
620 531 713 615 παρά
736 537 776 601 de
797 546 943 624 tempore
965 538 1073 604 dictae
1094 540 1259 628 triplicem
1280 564 1369 606 usum

259 634 523 720 distinguendum
544 658 617 700 csse
637 636 716 701 mihi
744 659 817 701 cum
840 636 1046 703 Schomanno
1068 639 1124 717 (ad
1142 639 1229 704 Plus
1252 639 1369 706 Cleom.

258 733 290 797 II
311 740 351 811 3.)
384 738 513 799 omnino
546 738 704 800 convenit.
747 735 934 822 Usurpatur
966 739 1051 802 enim
1080 731 1173 821 παρά
1203 739 1244 803 da
1275 739 1368 804 rebus

231 898 235 906 Ι
258 843 405 919 tempore
427 836 607 899 coniunctis
1003 894 1008 903 .

290 930 315 995 I.
337 943 393 997 aut
414 935 461 997 ita
483 943 518 997 ut
540 933 679 998 alteram¹
696 957 766 998 rem
786 944 851 998 tam
876 935 932 1000 diu
955 959 1053 1023 quam
1072 937 1208 1002 alteram
1231 937 1303 1000 fieri
1325 937 1369 999 in-

341 1032 489 1097 dicet-
511 1035 565 1117 qui
595 1054 673 1096 usus
699 1035 877 1119 primarius
898 1035 1030 1099 videtur
1052 1058 1142 1119 esse,
1172 1038 1295 1123 quippe
1317 1037 1370 1122 qui

340 1153 413 1196 cum
435 1142 552 1196 natura
574 1133 825 1218 praepositionis
845 1135 988 1198 maxime
1008 1144 1168 1220 congruat
1191 1172 1229 1181 —
1249 1134 1368 1199 additis

340 1253 439 1317 saepe
460 1231 595 1296 vocibus
618 1232 686 1305 πᾶς
706 1230 758 1294 vel
781 1226 868 1307 ὅλος.

274 1330 316 1395 ΙΙ.
337 1341 394 1395 aut
424 1332 471 1394 ita
502 1340 538 1394 ut
566 1330 703 1395 alteram
731 1330 846 1395 codem
873 1354 936 1419 quo
966 1330 1102 1396 alteram
1129 1342 1278 1418 tempore
1300 1356 1369 1398 csse

339 1430 530 1515 simpliciter
549 1429 719 1515 significet.

255 1526 314 1591 ΙΠ.
337 1539 393 1593 aut
415 1531 462 1593 ita
489 1540 524 1593 ut
553 1527 599 1593 alt
586 1539 690 1593 teram
719 1527 791 1593 ficri
820 1537 995 1616 antequam
1022 1529 1127 1596 altera
1155 1539 1292 1617 peracta
1319 1532 1368 1612 sit,

340 1630 512 1713 exprimat.

317 1727 498 1791 Facile't
450 1751 482 1790 ιιι
485 1726 648 1811 tellegitur
669 1749 911 1814 nonnumquam
931 1727 1061 1793 omissis
1082 1727 1218 1793 vocibus
1240 1722 1320 1803 ὅλος
1341 1738 1370 1795 ct

254 1828 322 1899 πᾶς
343 1828 401 1890 vix
429 1828 526 1890 statui
556 1848 652 1912 posse
684 1837 791 1896 ulrum
814 1826 938 1911 aliquid
966 1849 1025 1915 per
1053 1836 1155 1892 totum
1176 1837 1307 1914 tempus
1328 1851 1368 1892 an

259 1926 369 2011 aliquo
392 1926 547 2011 temporis
572 1926 678 2012 spatio
698 1925 766 1991 fiat.
866 1987 869 1996 ,

339 2024 440 2090 Cuius
463 2021 540 2090 usus
563 2048 661 2090 unum
684 2023 869 2110 exemplum
888 2025 923 2088 in
937 2024 1074 2089 Homeri
1097 2024 1299 2090 carminibus
1321 2049 1368 2091 re·

253 2128 376 2212 peritur
406 2117 569 2203 εἰνάνυχες
600 2119 638 2188 ds'
662 2145 724 2204 μοι
752 2115 840 2208 ἄμφ’
869 2116 959 2206 αὐτῷ
991 2120 1085 2206 παρὰ
1119 2117 1237 2200 νύκτας
1264 2117 1369 2189 ἴαυον.

251 2224 268 2288 Ι
291 2232 360 2307 470,
384 2224 509 2289 nullum
528 2245 607 2287 vero
629 2223 663 2286 in
686 2221 817 2308 hymnis
839 2222 892 2287 vel
915 2223 1005 2309 apud
1018 2222 1216 2298 Hesiodum
1238 2224 1367 2310 Thucy·

252 2324 348 2389 dides
371 2345 497 2409 quoquc
519 2332 550 2386 et
572 2331 688 2408 poetae
708 2324 828 2407 tragici
840 2321 1143 2407 Aristophanesque
1165 2322 1207 2387 ab
1229 2323 1293 2388 hoc
1307 2348 1367 2388 usu

251 2423 460 2487 abhorruisse
483 2420 634 2485 videntur
658 2422 748 2485 cuius
764 2443 866 2508 usque
884 2421 928 2486 ad
942 2432 1090 2507 tempora
1111 2421 1222 2486 labent
1222 2423 1251 2486 is
1274 2445 1365 2508 grae·

251 2524 360 2587 citatis
382 2521 534 2607 exempla
553 2521 723 2584 rarissima
747 2530 834 2586 sunt.
901 2567 904 2574 .

333 2621 471 2686 Pindari
493 2630 524 2684 et
544 2617 755 2704 Bacchylidis
777 2617 1014 2705 propemodum
1035 2619 1229 2705 aequalium
1246 2620 1366 2707 singuli

130 2770 133 2775 -
249 2721 313 2812 loci
332 2721 500 2807 leguntur3
527 2720 614 2806 apud
644 2718 736 2785 illum
767 2720 851 2782 enim
873 2716 979 2803 (Pyth.
999 2716 1051 2780 XI
1072 2717 1137 2796 fin.)
1156 2719 1242 2785 haec
1264 2719 1365 2785 verba

250 2807 395 2886 exstant:
418 2817 475 2884 καὶ
496 2814 671 2899 Κάστορος
690 2810 778 2898 βίαν,
799 2817 804 2900 Ι
824 2811 861 2880 σε’
881 2838 927 2892 τε,
950 2807 1036 2894 ἄναξ
1053 2811 1328 2934 ΠολΙδεοκες,
1299 2815 1364 2882 vrci

249 2921 350 2995 θεῶν,
372 2916 428 3004 Ι
395 2941 433 2982 το
448 2914 509 2999 μὲν
525 2908 603 3000 παρ’
626 2907 715 2999 ἆμαρ
732 2910 864 3000 ἕδραισι
882 2909 1070 2999 Θεράπνας,
1088 2912 1147 3000 Ι
1112 2938 1151 2981 το
1175 2909 1208 2979 d
1233 2910 1363 2981 οἰκέον-

247 3042 301 3095 τες
323 3014 418 3082 ἔνδον
444 3011 652 3098 Ὀλύμπου
643 3040 663 3081 ι.
687 3038 713 3079 e.
735 3038 794 3102 per
823 3016 909 3081 hunc
937 3015 1022 3081 diem
1045 3051 1084 3064 -
1107 3039 1166 3102 per
1185 3016 1362 3083 illumne.

248 3107 382 3184 alternis
403 3117 536 3201 dicbus3
559 3115 647 3202 apud
669 3114 902 3201 Bacchylidem
924 3125 1033 3180 autem
1055 3116 1161 3202 (frgm.
1187 3121 1246 3195 19.)
1269 3104 1307 3191 ὃς
1329 3111 1363 3178 δὲ

246 3211 348 3298 μυρία
369 3212 429 3297 μὲν
452 3207 639 3302 ἀμφιπολεῖ
660 3211 764 3298 φρενὶ,
783 3217 789 3295 Ι
806 3211 845 3278 τὸ
864 3209 901 3277 δὲ
915 3205 998 3294 παρ’
1023 3204 1114 3296 ἆμαρ
1132 3210 1241 3277 τεκαὶ
1263 3208 1360 3277 νύκτα

246 3311 432 3399 μελλόντων
446 3311 542 3395 χάριν
561 3318 566 3399 Ι
585 3308 640 3378 ἑὸν
658 3305 813 3377 ἰάπτεται
832 3314 837 3399 Ι
857 3310 947 3397 κέαρ,
976 3305 1131 3397 ἄκαρπον
1154 3307 1221 3392 ἔχει
1247 3308 1360 3378 πόνον.

328 3417 404 3481 Duo
433 3413 583 3503 exempla
611 3413 747 3500 praebet
772 3413 976 3478 Herodotus:
1006 3411 1100 3496 παρὰ
1127 3410 1186 3498 τὴν
1215 3406 1301 3498 ζωΙν
1330 3416 1362 3475 in

246 3517 333 3581 vitae
355 3537 453 3580 cursu
469 3515 532 3580 VII
547 3520 586 3582 46
604 3513 647 3578 ad
662 3511 748 3598 quod
769 3513 936 3599 exemplar
959 3514 1065 3579 dictae
1088 3526 1162 3578 sunt
1183 3511 1360 3576 locufiones

245 3611 338 3695 παρὰ
370 3611 428 3679 τὸν
459 3608 544 3696 βίον,
575 3613 631 3679 ubi
654 3613 867 3698 praecipuum
891 3612 997 3677 locum
1029 3605 1121 3694 παρά
1153 3611 1198 3677 de
1215 3619 1361 3696 tempore

172 3767 173 3770 ι
244 3727 436 3803 usurpatum
465 3714 564 3779 habet
595 3722 626 3776 et.
654 3714 752 3797 μῆνες
780 3708 873 3793 παρὰ
903 3709 944 3774 τὰ
975 3704 1229 3796 ἕβδομΙιιοντα
1231 3703 1307 3772 ἔτεα
1329 3700 1358 3771 oi

244 3809 426 3895 ἐμβόλιμοι
457 3808 622 3897 γίγνονται
645 3804 820 3896 τριήκοντα
850 3805 957 3873 πέντε.
994 3811 1083 3878 132.
1126 3803 1227 3895 Apud
1252 3807 1359 3872 Xeno-

218 3989 220 3993 ·
245 3914 399 4000 phontem
420 3914 585 3978 invenitur
612 3905 708 3983 ὅπως
727 3905 773 3994 μὴ
795 3905 836 3970 τὰ
863 3914 927 3996 τῆς
941 3901 1119 3984 πόλεως’Ι
1096 3928 1253 3992 απρακτα
1271 3900 1359 3990 γίνη-

243 4033 299 4075 ται
331 4009 423 4096 παρὰ
456 4009 512 4123 τΙν
544 4002 670 4073 ἐκείνου
701 3998 808 4094 ἇρχΙν.
862 4007 959 4074 Mem
995 4008 1030 4074 II
1065 4015 1155 4092 1,2.
1207 4005 1359 4094 (λοιιιρίιι-
