2836 4784
153 362 214 438 'stt
585 354 589 359 ’
622 374 629 390 ’·
673 365 758 422 Allan
836 367 839 373 ’

152 523 243 619 lium,
264 534 536 603 indeclinatione
558 538 708 624 stirpium
731 538 765 600 iu
788 557 800 598 ι
832 528 955 626 (πόλις
984 520 1148 612 πόλιος),
1185 534 1221 598 in·

154 637 254 700 futuri
282 645 314 700 et
335 637 448 702 aoristi
474 635 648 723 verborum
668 638 704 721 in
727 633 785 715 ζω,
821 638 856 699 in
879 657 928 696 ντι
952 636 1069 700 tertiae
1089 655 1173 720 pers.
1194 628 1243 698 ver

153 735 268 801 borum
290 723 501 821 pertinaciter
523 745 662 819 servato,
684 738 718 800 in
739 737 865 800 ratione
886 730 1120 799 adverbiorum
1138 732 1211 817 loci,
1230 734 1242 798 i

153 833 314 920 particula
331 857 389 929 'aaa
416 844 475 901 etc.
499 838 514 847 ‘
896 848 900 856 '

236 943 318 1033 Cum
339 970 466 1034 mitiore
487 964 642 1035 Dorism'o
671 968 848 1035 eommunis
870 974 918 1031 est
940 966 1024 1031 ratio
1039 965 1243 1054 suppletoria

153 1065 392 1154 productionis,
417 1066 515 1157 atque
542 1058 721 1134 contractio
750 1089 816 1131 ε-ε
842 1068 876 1131 in
907 1088 945 1131 ει,
986 1065 1031 1131 At
1052 1068 1140 1131 intra
1161 1068 1243 1152 ipsas

34 1181 36 1185 '
153 1165 314 1234 Doridem
325 1169 485 1235 mitiorem
506 1167 605 1233 babet
626 1161 790 1233 artiorem
803 1168 1028 1252 cognationem
1052 1189 1126 1230 cum
1147 1165 1243 1250 lingu·

152 1265 295 1351 Phocica
323 1278 354 1333 et
376 1269 541 1361 Aetolica,
570 1265 763 1356 quibuscum
798 1267 965 1353 conspirat
999 1266 1035 1330 in
1057 1287 1138 1352 e-o,
1178 1285 1243 1325 ε-ο·4

152 1386 214 1430 ε-ω
236 1366 358 1451 solutis,
379 1370 413 1437 in
435 1390 487 1445 οις
508 1367 611 1437 dativi
632 1365 715 1454 plur.
735 1366 814 1432 decl.
829 1367 888 1449 ΠΙ,
910 1367 945 1430 in
967 1388 1028 1432 usu
1050 1365 1243 1452 praepositi«

150 1466 202 1530 nis
224 1459 269 1544 ἐν,
293 1468 327 1532 in
348 1469 522 1555 participio
544 1465 719 1532 verborum
739 1468 773 1531 in
795 1461 838 1529 ἑω
861 1467 895 1531 in
917 1457 1047 1545 εἰμενος
1068 1473 1211 1530 exeunte.

236 1598 359 1666 Contra
382 1601 577 1687 ‘discrepant
598 1622 617 1665 a
643 1598 770 1686 reliquo
794 1598 1038 1687 septentrionali
1059 1599 1210 1663 Dorismo

152 1709 325 1782 serratum,
360 1723 508 1787 apocope
540 1700 819 1786 praepositionum
848 1701 1058 1787 frequentior,
1094 1707 1144 1779 et,
1177 1716 1243 1782 qut:

124 1842 131 1856 ·
152 1800 250 1865 etiam
271 1801 377 1886 magis
400 1801 444 1866 ad
464 1803 661 1866 severiorem
679 1799 840 1866 Doridem
861 1801 982 1884 vergit,
1004 1819 1073 1874 o-s‚
1101 1817 1158 1880 o·o
1180 1798 1211 1860 in

152 1907 330 1974 contracta.
373 1900 439 1966 Sed
464 1900 525 1966 has
554 1899 760 1965 diversitates
788 1900 936 1986 suspicor
967 1899 1072 1982 magis
1106 1907 1243 1982 tempor.

151 2021 249 2086 quam
271 1998 335 2065 loci
355 2023 435 2067 esse.
478 2001 561 2065 llam
584 2001 666 2065 sicut
690 2001 871 2065 recentiora
885 1997 1030 2071 ⁴Locrica
1050 2021 1071 2061 a
1091 1994 1243 2083 Delphis

150 2097 226 2163 fere
239 2098 319 2164 nihil
340 2098 501 2182 differtmt,
523 2101 570 2164 ita
588 2100 616 2163 si
629 2099 772 2166 Phocica
792 2098 984 2164 haberemus
1014 2119 1098 2183 quae
1129 2096 1243 2180 antiqu

150 2196 290 2274 Locrica
316 2207 423 2268 aetate
445 2199 681 2286 adaequarent,
713 2198 938 2269 multominus
960 2195 1002 2262 ab
1024 2195 1074 2261 his
1097 2196 1243 2280 discrepa

72 2351 74 2355 .
150 2307 225 2388 tura
247 2321 318 2363 esse
339 2320 436 2383 quam
458 2322 497 2363 ea
518 2322 600 2385 quae
621 2322 708 2364 nunc
722 2308 868 2384 exstant,
890 2293 1080 2384 persuasum
1099 2293 1210 2373 habea.

173 2448 176 2455 ι

233 2430 278 2495 At
299 2431 437 2497 Locrica
459 2429 635 2519 dialectus,
654 2452 719 2496 una
740 2454 812 2496 cum
834 2431 950 2495 ceteris
972 2430 1107 2509 vicinis,
1129 2429 1164 2491 in
1185 2447 1243 2490 no!

150 2529 247 2595 nullis
268 2553 372 2617 prope
399 2513 545 2596 accedits
557 2529 600 2594 ad
620 2522 807 2611 Aeolidem,
835 2531 1027 2617 praesertim
1054 2528 1098 2593 ad
1118 2528 1243 2622 linguar

150 2630 354 2713 Boeoticam3
384 2652 435 2705 οις
463 2631 497 2695 in
518 2629 582 2694 dat.
606 2628 691 2715 plur.
712 2629 760 2694 Ill
782 2628 880 2711 decl,
904 2623 940 2691 ἐν
961 2650 1111 2715 praepos.
1135 2649 1194 2713 pro
1214 2633 1243 2688 ει·

151 2727 308 2813 adhibita,
330 2731 504 2818 participio
526 2749 632 2816 praes.
648 2730 683 2792 in
696 2723 834 2812 εἰμενος,
856 2751 982 2793 necnon
1001 2727 1117 2814 psilosi
1139 2724 1243 2790 vocab

150 2852 169 2891 υ
202 2830 236 2893 in
272 2821 377 2910 ὕδωρ,
410 2829 533 2907 (Boeot.
568 2819 699 2910 θῦδωρ).
741 2828 815 2894 Non
841 2829 941 2914 igitur
966 2826 1162 2908 inconsulte,
1189 2824 1243 2888 lies

150 2952 268 3015 parum
295 2939 398 3012 recte,
427 2927 545 2993 Strabo
578 2925 638 2991 hos
671 2916 809 3014 populos
840 2950 949 2994 omnes
983 2929 1067 2991 inter
1087 2924 1243 2990 Aeolense

150 3029 351 3094 adnumerat.
395 3028 460 3093 Sed
479 3026 660 3092 Abrensius
683 3027 886 3109 observavit,
907 3025 999 3092 Aeol.
1022 3048 1097 3112 pag.
1121 3030 1197 3104 238,
1216 3040 1243 3086 az

149 3128 305 3191 finitatem
321 3127 392 3192 non
414 3120 575 3216 ejusmodi
595 3148 681 3209 esse,
712 3135 748 3190 ut
768 3128 894 3212 possint
914 3125 976 3191 hae
1000 3124 1132 3188 dialecti
1154 3146 1174 3187 a
1196 3122 1243 3184 Dc

150 3225 221 3290 ride
248 3228 435 3312 segregari,
462 3226 551 3316 quod
579 3248 677 3312 quam
699 3247 784 3290 ¹vere
813 3226 934 3291 dixerit
959 3225 1081 3311 insigni
1108 3223 1243 3287 Locrica

110 3343 111 3359 ¹
149 3323 281 3389 tabulae
301 3327 485 3391 testimonio
515 3335 597 3390 sunt.
639 3326 740 3390 Recte
767 3347 897 3413 quoque
923 3323 995 3405 ille,
1024 3318 1123 3410 quum
1145 3313 1243 3407 cogna

150 3425 270 3489 tionem
283 3415 437 3490 Aeolicae
457 3425 587 3511 linguae
608 3426 654 3490 eis
671 3425 818 3490 dialectis
832 3446 898 3488 non
920 3422 1135 3509 abjudicaret,
1157 3431 1243 3485 tama

151 3522 240 3598 (ibid.
262 3515 331 3589 l..‘c.
353 3527 385 3589 et
408 3522 490 3590 Dor.
513 3530 588 3599 408)
618 3523 757 3590 cavebat
787 3546 828 3588 ne
852 3531 988 3610 putaret·
1012 3523 1243 3609 permixtiones

150 3622 352 3688 diversarum
389 3623 601 3702 dialectorum
636 3646 707 3688 esse
743 3624 880 3706 factam,
903 3624 1100 3708 -stirpemve
1142 3620 1243 3705 origin

150 3721 319 3787 Aeolicam
350 3723 500 3788 Derieis
518 3720 822 3810 paulatim'fcrmis
852 3722 1007 3786 infectam
1037 3743 1118 3786 esse.
1172 3720 1243 3799 Qua

151 3819 235 3886 enirn
257 3830 290 3886 et
308 3822 433 3890 Dorica
453 3830 485 3888 et
505 3822 641 3887 Aeolica
665 3822 728 3887 hae
750 3821 880 3886 dialecti
905 3819 1079 3903 exhibent,
1102 3841 1200 3907 aeque
1217 3835 1243 3878 er

151 3921 375 4008 antiquissima
396 3922 552 3985 memoria
573 3929 777 4008 acceperunt

233 4019 288 4084 Ad
317 4021 401 4086 banc
434 4017 535 4107 igitur
552 4026 554 4030 ‘
569 4042 727 4085 summam
763 4019 998 4104 disquisitionis
1029 4026 1160 4084 nostrae
1189 4032 1243 4102 per·
