2836 4784
175 111 214 172 74
696 101 759 157 Βεῦ

173 273 293 337 tionem
316 271 483 337 continens
506 279 614 336 exstat
634 271 784 338 afferam:
805 262 930 355 ῥᾳδίως
943 259 1023 356 ἀνὴρ
1041 255 1090 344 εἷς
1102 263 1196 352 παρὰ
1210 262 1284 342 τοὺς
1377 310 1401 349 3

136 364 139 371 ’
175 367 252 434 δέκα
282 365 478 456 διαφέρει
509 369 594 435 Xen.
627 368 747 436 Oocon.
776 369 845 434 XX
868 375 915 436 15.
960 362 1115 454 διαφέρει
1136 362 1228 448 παρὰ
1250 361 1284 430 σὲ
1392 379 1399 393 ’

173 464 415 556 τούτῳ.Ρο]γλι.
437 469 470 532 X
493 474 542 551 27,
566 475 595 534 5.
636 465 747 532 πολλὰ
776 467 866 548 παρὰ
890 465 931 532 τά
952 471 1009 532 νῦν
1029 461 1194 549 λεγόμενα
1213 460 1284 529 διά-

176 592 267 656 φορα
293 569 375 636 Plat
403 568 464 654 leg.
485 568 520 633 11
548 573 618 634 662.
650 568 782 633 Theaet.
807 575 876 635 144.
917 563 998 643 ὥςιε
1021 561 1184 648 διάδηλος
1205 554 1283 629 εἶναι
1394 607 1397 611 »

174 667 265 752 παρὰ
286 666 365 744 τοὺς
386 658 511 743 άλλοας
534 657 701 728 εὐτακτῶν
722 667 804 734 Xen.
828 669 925 734 Mem.
947 669 994 733 IV
1015 675 1066 734 41.

256 768 427 835 Postremo
450 766 490 830 de
513 767 559 830 cis
581 765 661 832 locis
685 769 831 833 dicamus
859 768 916 833 ubi
936 767 1026 833 nulla
1047 770 1181 833 notione
1203 788 1283 832 com·

174 870 327 956 parativa
350 866 464 932 addita
485 859 577 946 παρά
600 869 758 932 sententia
773 868 852 953 plue
868 891 971 953 φασιν,
989 891 1069 952 prae
1092 875 1285 952 usurpatum

175 979 240 1048 est,
270 967 310 1031 dc
336 990 402 1052 qua
429 987 465 1030 re
494 963 611 1050 diguus
641 968 696 1054 qui
724 968 851 1054 legatur
880 969 1112 1052 grammaticus
1134 963 1286 1031 Crameri

175 1065 309 1143 (Aneed.
331 1064 438 1131 Oxou.
460 1064 477 1128 I
500 1068 582 1144 338).
618 1060 721 1147 παρά·
754 1061 958 1146 λαμβάνεται
981 1061 1017 1130 δὲ
1044 1058 1214 1147 πολλάκις
1234 1060 1287 1127 καί

125 1199 128 1204 -
174 1158 248 1229 ἀντὶ
266 1167 324 1249 τῆς
352 1158 453 1245 ὑπὲρ·
479 1151 567 1225 οἷον·
597 1156 719 1244 ὡραῖος
746 1160 864 1228 κάλλει
890 1162 980 1247 παρὰ
1004 1161 1082 1240 τοῖς
1107 1156 1202 1240 υλοδς
1224 1165 1288 1226 τῶν

165 1256 382 1346 ’ἀνθρώπων
404 1258 473 1326 ἔστι
496 1260 557 1343 γάρ
581 1254 655 1327 άντὶ
674 1267 734 1328 τοῦ
755 1259 838 1346 ὑπὲρ
859 1260 940 1342 τοδς
961 1258 1058 1340 υἱούς.
1092 1264 1196 1330 Cuius
1209 1285 1288 1327 usus

175 1364 264 1451 apud
286 1367 463 1450 scriptores
485 1362 611 1427 Atticos
634 1386 738 1450 paene
759 1365 848 1431 nulla
867 1364 1016 1452 exempla
1032 1372 1172 1446 exstant,
1194 1383 1288 1448 prae-

175 1475 224 1528 ter
244 1486 343 1527 unum
366 1461 591 1548 Xenophontis
614 1474 646 1527 ct
668 1464 730 1529 duo
750 1464 911 1530 Platonis:
940 1457 1024 1527 ἑκὼν
1051 1457 1166 1538 ἐπόνει
1195 1456 1286 1542 παρὰ

173 1558 252 1638 τοὺς
277 1555 403 1636 ἄλλους
430 1562 513 1626 Xen.
541 1559 639 1646 Ages.
667 1564 696 1627 V
719 1569 747 1630 3.
776 1575 807 1629 et
832 1553 855 1626 ά
879 1565 927 1646 τῷ
953 1561 1103 1647 ῥαψωδῴ
1132 1558 1302 1646 προςιζκει

175 1658 232 1725 καὶ
253 1663 458 1750 σκοπεῖσθαι
481 1656 538 1723 καὶ
553 1654 735 1743 διακρίνειν
749 1660 842 1746 παρὰ
857 1660 936 1738 τοὺς
948 1653 1072 1737 άλλοος
1086 1652 1308 1743 ἀνθρώπους

173 1760 222 1826 ΡΙ.
243 1761 291 1826 Io.
311 1766 372 1827 539
394 1760 433 1823 Ε.
476 1754 561 1822 οὕτω
590 1755 723 1845 σφόδρα
750 1759 858 1844 παρὰ.
872 1759 950 1838 τοὺς
977 1753 1101 1836 ἄλλους
1123 1760 1312 1839 δασταχεῖι-

173 1859 275 1926 Laeh.
301 1865 368 1928 183.
410 1858 660 1925 Percrebruisse
685 1861 814 1926 videtur
840 1862 923 1927 haec
943 1860 1073 1926 dicendi
1090 1861 1177 1925 ratio
1200 1859 1286 1947 apud

174 1961 369 2025 recentiores
391 1958 582 2043 scriptores:
610 1951 639 2021 εἰ
662 1955 698 2022 δὲ
724 1955 929 2047 Θεοφράστῳ
951 1954 1169 2040 πιστεύομεν,
1194 1951 1364 2041 άνδριῒῖ-

175 2052 329 2145 φιληκόῳ
351 2054 408 2121 καὶ
428 2050 584 2140 ἱστορικῷ
606 2050 684 2141 παρ’
709 2053 858 2123 ὁντινοῦν
881 2062 948 2123 τῶν
975 2054 1178 2146 φιλοσόφων
1205 2058 1367 2124 Plut...-

174 2157 244 2225 Alc.
266 2158 309 2221 X.
352 2153 444 2238 παρὰ
482 2154 561 2233 τούς
590 2149 713 2234 άλλοας
745 2150 980 2239 εὐδοκιμοῦσιν
1014 2152 1046 2222 οἱ
1076 2161 1368 2240 Σπαρτιᾶται-α

174 2256 258 2321 Plut.
280 2256 351 2322 Alc.
371 2258 412 2321 X.
453 2249 574 2338 Ἰακώβ
604 2254 640 2320 δὲ
669 2249 780 2340 ἠγάπα
807 2255 865 2321 τὸν
889 2251 1013 2344 Ἰωσὴφ
1040 2254 1135 2338 παρὰ
1161 2252 1370 2333 narrata

173 2352 253 2432 τοὺς
272 2348 365 2431 υἱοὺς
387 2347 489 2419 αὐτοῦ
514 2357 632 2423 Genes.
648 2357 816 2424 XXXVII
832 2365 865 2427 ,3.
884 2357 990 2424 LXX.
1013 2359 1051 2423 cf.
1069 2357 1370 2445 Hesychium‘

174 2451 268 2535 παρὰ
290 2450 431 2532 πάντας·
453 2449 536 2538 ὑπὲρ
558 2451 695 2531 πάντας.

260 2555 315 2620 Ex
336 2558 560 2642 comparativo
583 2579 644 2621 usu
670 2557 767 2620 etiam
790 2579 829 2621 ea
849 2557 1102 2643 praepositionis
1123 2549 1218 2639 παρά
1240 2557 1374 2620 vis,

176 2679 217 2722 ex
239 2678 304 2742 qua
327 2655 549 2721 exclusionem
578 2655 741 2741 significat
762 2655 943 2720 derivanda
966 2656 1094 2721 videtur
1115 2676 1197 2740 esse,
1217 2679 1288 2721 cum
1304 2663 1375 2713 Δ

175 2755 314 2820 duarum
342 2777 451 2819 rerum
485 2756 737 2841 compositarum
768 2755 873 2820 altera
901 2754 1032 2819 excludi
1060 2757 1221 2841 cogitetur
1241 2757 1288 2837 ¹⁷),
1319 2783 1375 2811 a

176 2853 263 2918 unde
294 2853 331 2917 fit
363 2864 399 2918 ut
429 2854 621 2942 plerumque
651 2854 783 2941 quidem
814 2856 1038 2941 comparativo
1069 2853 1213 2941 quodam
1238 2853 1288 2918 vel
1319 2833 1375 2908 J

177 2951 277 3017 verbo
310 2955 526 3041 comparativi
556 2956 720 3018 notionem
748 2955 930 3019 continente
958 2954 1111 3019 adiuncto
1141 2965 1175 3019 et
1203 2951 1288 3041 quod
1342 2985 1374 3000 κ

176 3053 283 3116 rarius
306 3053 514 3134 factumest,
546 3052 656 3117 verbis
686 3055 840 3138 negativa
871 3054 1107 3140 significatione
1130 3051 1288 3140 praeditis

177 3144 270 3232 παρά
291 3164 476 3238 usurpetur,
499 3177 519 3218 a
535 3177 598 3241 quo
614 3176 674 3217 usu
692 3154 841 3239 proxime
863 3152 959 3217 abest
975 3155 1004 3218 is
1026 3154 1066 3218 de
1088 3175 1153 3240 quo
1176 3162 1288 3240 postea

178 3249 352 3315 dicendum
374 3254 442 3317 crit.
488 3253 588 3319 Cuius
611 3252 763 3340 loquendi
784 3254 921 3318 rationis
944 3252 1168 3340 exemplorum
1188 3251 1288 3316 maxi·

177 3444 180 3448 ’
245 3439 286 3503 17)
305 3435 402 3489 eodem
419 3435 563 3489 intellectu
581 3433 676 3486 Latini
694 3432 899 3504 praepositione
919 3441 1034 3505 praeter
1053 3433 1096 3487 usi
1117 3437 1185 3487 sunt
1202 3432 1287 3486 velut:

176 3519 394 3590 necquidquam
413 3518 489 3572 aliud
506 3523 549 3571 est
565 3517 741 3587 philosophia
758 3523 868 3586 praeter
885 3518 1005 3571 studium
1023 3516 1186 3587 sapientiae.
1214 3516 1289 3570 Com-

175 3603 269 3674 parari
284 3609 403 3675 possunt
420 3602 550 3657 zendicae
568 3601 786 3671 praepositiones
801 3621 876 3673 para
890 3619 912 3658 c.
933 3602 989 3657 dat.
1007 3606 1036 3655 et
1048 3609 1172 3672 parapct
1188 3617 1212 3654 c.
1235 3598 1287 3653 abl.

78 3728 81 3735 .
176 3692 205 3742 ct
220 3689 291 3758 paro
310 3705 332 3743 c.
352 3688 407 3742 abl.
425 3692 454 3741 et
476 3703 540 3758 gen.
559 3686 734 3754 coniunctae,
758 3702 830 3756 quac
854 3703 887 3741 ex
906 3686 1002 3742 eadem
1020 3702 1083 3740 cum
1101 3684 1181 3757 παρά
1199 3683 1289 3738 radice

175 3771 274 3827 ductae
291 3779 377 3827 σαντα.
390 3779 513 3845 praeter.
530 3768 697 3841 significant.
