2836 4784
154 369 214 433 208
664 361 755 418 Allan.
807 366 818 386 ⁶

155 539 292 617 quatuor
326 532 438 593 statuit
468 530 571 594 tribus
603 531 828 595 Locrensium:
863 522 938 612 τρία
968 523 1030 608 μὲν
1060 529 1160 590 ταῦτα
1184 520 1232 588 τοὶ

151 623 366 704 Ὀπουντίους
387 626 442 692 καί
461 627 538 703 τοὺς
557 621 825 713 Ἐπικνημιδίοος
847 626 899 692 καί
925 625 1002 702 τοὺς
1020 619 1181 703 ’(δζόλας·
1205 646 1232 686 τι

123 753 126 758 ·
154 751 271 813 ταρτον
294 724 329 790 δὲ
351 725 428 802 τοὺς
445 721 635 803 ’[ταλικοός.
678 728 814 793 Accedit
841 729 949 814 Etym.
971 728 1080 811 Magn.
1104 726 1162 789 sub
1182 747 1232 788 vor

121 904 124 910 Ι
150 822 413 913 Ἐπικνηιιίδιοιε
435 831 580 910 Λοκριῦν
596 822 625 890 oi
646 826 705 907 μὲν
718 821 970 912 Ἐπικνημίδιοι
993 821 1024 889 oi
1049 822 1086 887 δὲ
1103 819 1232 903 Ὑποκνι

152 925 262 1010 μίδιοι
285 921 505 1008 ὀνομάζονται
534 913 604 989 δπὸ
628 927 796 1012 Κνημῖδος
822 930 879 989 τοῦ
902 919 1008 1008 όρους.
1051 926 1114 988 His
1137 946 1232 1010 comp

154 1030 234 1093 ratis
254 1027 349 1091 facile
376 1029 446 1113 quis
474 1027 654 1090 adducatur
683 1038 718 1091 ut
741 1028 901 1113 Opuntius
923 1023 1232 1112 Hypocnemidiosqr

155 1151 214 1214 pro
238 1150 300 1190 uno
324 1137 355 1190 et
382 1127 494 1190 eodem
522 1127 657 1214 popu10,
685 1127 929 1212 Epicnemidios
952 1135 1058 1189 autem
1083 1146 1141 1209 pro
1165 1122 1232 1186 alter

111 1300 114 1305 ,
154 1227 281 1290 habeat.
329 1226 517 1306 Praeterea,
550 1250 645 1310 quum
676 1249 835 1313 nusquam
866 1225 946 1289 alibi
975 1223 1063 1318 apud
1091 1224 1232 1307 scriptor<

129 1337 132 1344 '
154 1326 338 1389 inveniatur
359 1347 475 1388 nomen
492 1326 578 1388 istud
594 1325 858 1411 Hypocnemidii‚
880 1346 966 1388 nunc
987 1333 1096 1386 tamen
1115 1323 1151 1384 in
1171 1323 1232 1384 titu

155 1426 242 1488 infra
261 1423 454 1488 excutiendo
482 1427 528 1487 ita
555 1423 672 1508 legitur
694 1435 732 1488 ut
750 1424 848 1487 fidem
869 1423 969 1487 faciat
989 1418 1229 1507 Hypocncmidi

154 1547 235 1605 rum,
258 1525 370 1610 quiqui
390 1524 518 1602 fuerint
541 1535 644 1610 caput
657 1525 757 1588 fuisse
780 1524 952 1610 Opuntem.
995 1523 1147 1607 Denique
1168 1517 1232 1583 hab

154 1640 225 1687 mus
248 1621 419 1686 Strabonis
441 1625 669 1705 testimonium,
691 1629 766 1690 416:
791 1616 822 1685 οἱ
846 1618 882 1684 δὲ
905 1617 1011 1701 ἕτερον
1032 1623 1064 1698 (i.
1087 1642 1114 1683 e.
1137 1627 1232 1704 septe]

152 1711 306 1787 trionales
328 1722 439 1798 Locri)
463 1717 536 1799 δίχα
557 1745 629 1797 πως
651 1719 707 1784 καί
730 1716 824 1784 αότοὶ
846 1717 1048 1807 διῃρημένοι,
1073 1711 1104 1780 oi
1126 1714 1186 1797 μὲν
1202 1709 1232 1778 't

153 1815 307 1884 ποόντιοι
324 1819 529 1901 (καλοῦνται)
547 1813 617 1884 ἀπὸ
630 1824 688 1907 τῆς
703 1816 950 1906 μητροπόλεως,
970 1814 1090 1900 ὅμοροι
1111 1817 1232 1880 (Ducam

68 1925 74 1938 ‘
152 1917 209 1982 καί
229 1921 403 1995 Βοιωτοῖς,
442 1913 474 1983 οἱ
509 1916 544 1982 δὲ
573 1912 826 2005 Ἐπικνημίδιοι
858 1912 928 1981 ἄπο
961 1911 1062 1999 όρους
1082 1915 1232 2003 Κνημῖδο

60 2028 64 2038 ’
153 2022 324 2102 προσεχεῖς
342 2014 492 2095 Οἰταίοις
505 2041 541 2082 τε
556 2017 611 2082 καὶ
630 2019 828 2083 Mediccera.
866 2019 1022 2106 Idemque
1036 2017 1135 2104 paulo
1153 2037 1232 2102 supn

154 2113 173 2182 ό
201 2116 261 2201 γὰρ
288 2122 448 2205 Λαφνοῦς
474 2109 512 2204 ἦν
538 2114 612 2182 τότε
638 2123 693 2206 της
721 2113 877 2194 Φωκίδος
904 2112 1022 2196 σχίζων
1047 2109 1099 2202 ἐφ’
1129 2109 1232 2192 iudam

79 2255 82 2260 -
153 2215 209 2304 τὴν
231 2212 388 2298 Λοκρίδα
410 2216 466 2282 καὶ
486 2214 587 2299 μέσος
608 2215 804 2300 ταττόμενος
829 2221 888 2282 τοῦ
908 2240 943 2280 τε
963 2210 1165 2281 Ὀπουντίου
1180 2208 1232 2278 κόί

153 2338 220 2380 που
242 2314 298 2380 καί
318 2320 373 2401 τῆς
394 2322 459 2380 τῶν
478 2310 742 2403 Ἐπικνημιδίων
769 2312 948 2401 παραλίας·
975 2319 1032 2379 νῦν
1061 2312 1099 2380 δὲ
1120 2314 1232 2396 Λοκροὶ

155 2412 241 2478 ἐστὶν
263 2410 281 2502 η
302 2411 410 2497 χιόραε
433 2418 580 2483 similiter
603 2426 672 2486 425.

235 2516 388 2581 Attamen
402 2526 491 2581 tanto
514 2518 658 2604 alioquin
678 2538 836 2582 consensu
849 2515 1094 2603 Epicnemidios
1109 2526 1141 2580 et
1155 2515 1232 2602 Oprn

152 2615 216 2679 tios
244 2638 304 2701 pro
336 2617 456 2680 eisdem
481 2619 656 2703 scriptores
680 2619 856 2703 proferunt,
887 2628 921 2680 ut
949 2615 1110 2681 dubitatio
1141 2618 1232 2680 oriatr

61 2790 63 2792 Ι
153 2737 229 2778 num
250 2715 330 2779 haec
356 2719 520 2781 nominum
549 2718 713 2780 distinctio
741 2718 917 2802 antiquitus
946 2715 1044 2799 vulgo
1071 2715 1143 2778 tieri
1171 2712 1232 2778 soli

155 2816 204 2879 sit.
248 2815 392 2879 Primum
422 2816 634 2902 ipseStrabo
661 2816 724 2879 sibi
753 2838 868 2902 parum
897 2829 1048 2879 constans
1076 2815 1232 2877 universa]

152 2913 237 2978 hanc
259 2925 384 3000 partem
399 2915 610 2980 Locrensium
632 2915 720 2979 haud
741 2938 816 2979 raro
837 2913 1080 3000 Epicnemidios
1103 2915 1232 2978 nomina

153 3019 223 3094 424,
248 3019 307 3078 427
328 3024 387 3079 etc.
423 3015 614 3096 Pausanias,
632 3014 673 3097 Χ,
690 3020 719 3094 8,
736 3021 764 3096 2,
782 3014 837 3078 ubi
861 3022 1025 3077 enumerat
1046 3021 1161 3097 gentes
1182 3030 1232 3098 qm

71 3181 74 3187 ⁴
153 3112 196 3175 ad
218 3112 388 3176 concilium
410 3098 962 3200 Amphictyonicumconvenerint,
985 3121 1060 3198 post
1078 3111 1232 3178 Phoceus<

152 3202 310 3275 memorat
339 3210 497 3293 Λοκροὺς
517 3235 569 3300 τη
604 3208 733 3275 Φωκίδι
766 3206 910 3294 ὁμόρους
939 3205 1006 3274 ὑπό
1039 3213 1085 3294 τῷ
1121 3201 1190 3293 dost
1209 3211 1232 3269 ἰ

152 3308 304 3394 Κνημῖδι,
330 3322 364 3376 at
385 3314 458 3398 quis
480 3314 588 3377 credet
603 3312 763 3398 Opuntios
786 3312 839 3375 hic
859 3310 988 3375 excludi
1010 3312 1155 3374 omnium
1174 3309 1232 3396 prir

152 3410 264 3496 cipes?
307 3410 399 3474 Idem
426 3412 607 3476 Pausanias
637 3412 680 3493 Χ,
710 3419 735 3493 1,
768 3418 780 3475 1
817 3409 1053 3497 Opuntem‘et·
1075 3407 1232 3496 Cynum}

152 3509 451 3596 Epicnemidiorum
467 3512 599 3599 oppidis
615 3511 733 3574 diserte
748 3510 978 3587 adnumerat.²)
1014 3510 1136 3573 Iterum
1151 3508 1232 3594 Opun

218 3681 244 3743 2)
268 3678 307 3730 Τὰ
327 3677 399 3747 πρὸς
417 3681 465 3730 τοῦ
485 3680 638 3746 Λαμιακοῦ
657 3676 763 3727 κόλπου
780 3679 890 3744 Λοκροί
912 3691 988 3744 σφας
1005 3673 1032 3743 (i.
1052 3690 1075 3729 e.
1094 3673 1232 3727 Phocenses

151 3765 403 3831 παραθαλασσίους
421 3763 448 3814 οἱ
467 3759 675 3831 Ἐπικνημίδιοι
692 3757 831 3812 κωλύουσι
854 3758 938 3813 atvar:
966 3747 1115 3828 αὗταιγὰρ
1134 3756 1168 3826 δή
1184 3757 1232 3815 τίσι

151 3847 178 3897 ot
195 3844 282 3918 ταύτῃ
302 3844 353 3912 τὴν
373 3844 492 3898 Φωκίδα
510 3846 732 3914 ὑπεροικοῦντες.
750 3848 894 3914 Σκαρφεῖς
910 3841 963 3913 μὲν
984 3843 1020 3897 τὰ
1032 3843 1160 3897 ἐπέκεινα
1170 3838 1232 3893 ’Eia

153 3931 236 3994 τείας,
255 3929 327 3999 ὑπὲρ
346 3929 378 3984 δὲ
395 3929 553 4002 Ὑάμπολιν
572 3931 617 3982 καὶ
628 3926 707 3996 Ἄβας
725 3930 751 3980 ot
770 3926 903 3982 πόλιντε
920 3925 1064 3982 Ὀποῦντα
1083 3930 1129 3980 καὶ
1144 3926 1232 3980 'Onon

150 4018 219 4067 τίων
239 4013 364 4070 ἐπίνειον
384 4013 530 4085 νεμόμενοι
550 4018 653 4069 Κῦνον.
1153 4021 1161 4029 ‘
