2836 4784
514 349 547 405 de
567 350 684 406 dialecto
703 349 888 407 Locrensium.
975 412 979 420 ,
1198 359 1258 423 213

181 544 240 609 opus
257 543 275 586 a
295 519 419 586 duobus
448 520 664 606 sculptoribus
692 519 872 586 confectum
900 542 986 603 esse3
1013 521 1129 608 incipit
1154 521 1258 586 altera

128 624 130 631 ’
180 645 267 687 nanus
287 620 328 686 ab
348 629 493 685 extremo
514 620 615 689 latere
637 620 783 688 adverso.
823 619 934 686 Verba
954 622 1116 687 interdum
1137 622 1260 710 triplici
1379 681 1382 689 .

180 731 219 786 aut
235 719 349 807 duplici
371 729 489 805 puncto
512 720 618 786 divisa
640 732 729 804 sunt,
758 722 815 787 sed
840 720 901 786 boc
921 744 985 785 non
1006 723 1043 788 fit
1064 733 1259 789 constanter.

179 821 318 886 Dialectus
332 821 467 901 Dorica,
482 822 634 887 nonnulla
647 821 870 890 memorabilia
886 823 1054 908 praebens.
1082 824 1260 909 Digamma

178 921 384 1008 frequentatur,
409 919 467 984 sed
493 919 605 1007 koppa
631 922 728 988 deest.
772 921 874 996 Nulla
898 922 1017 1006 legitur
1045 924 1085 988 de
1112 924 1259 990 formulis

123 1042 126 1047 ·
178 1019 328 1085 initialibus
358 1043 382 1090 a⁴
406 1020 522 1106 quibus
544 1021 701 1106 ejusmodi
728 1020 811 1086 tituli
841 1023 985 1086 exordiri
1013 1023 1129 1105 solent,
1161 1026 1259 1089 immo

178 1120 259 1184 statim
279 1121 383 1205 primo
405 1118 516 1184 lateris
540 1120 671 1186 adversi
693 1121 853 1186 vocabulo
882 1126 1007 1207 signum
1029 1125 1258 1210 interpunctio·

177 1221 212 1282 nis
230 1222 444 1307 praepositum
467 1230 524 1302 est,
547 1220 631 1284 unde
647 1221 782 1286 Rossius
791 1223 867 1307 jure
883 1222 1070 1288 observavit
1090 1223 1260 1288 exordium
1356 1288 1360 1297 ,

176 1319 370 1406 inscriptionis
396 1320 523 1395 deesse3
552 1330 648 1407 atque
669 1320 887 1386 Kirchhoffius
916 1321 1042 1387 dubitat
1068 1346 1145 1387 num
1175 1322 1259 1387 latus

176 1439 299 1483 aversum
328 1421 362 1484 in
393 1419 506 1486 ordine
535 1421 728 1506 paginarum
755 1422 905 1506 proxime
927 1432 1001 1507 post
1022 1423 1196 1487 adversum
1217 1421 1260 1486 le-

176 1518 289 1601 gendum
311 1520 416 1585 firerit.
460 1519 576 1604 Agitur
599 1518 638 1583 de
661 1518 757 1583 rebus
782 1519 1008 1606 judicialibus,
1037 1523 1197 1608 imprimis
1220 1520 1261 1586 de

172 1616 227 1700 jura
243 1612 402 1704 συλήσεως
428 1619 514 1707 quod
541 1620 583 1683 sit
611 1640 799 1683 concessum
828 1629 859 1683 et
881 1621 1098 1685 Oeantheensi
1122 1630 1153 1684 et
1174 1619 1261 1686 Cha·

175 1713 251 1782 leansi
282 1728 397 1783 contra
428 1720 635 1806 peregrinum
670 1721 756 1783 intra
792 1719 872 1783 fines
907 1722 1073 1808 utriusque
1106 1722 1260 1803 civitatis,

175 1815 306 1906 simulque
335 1818 377 1883 de
404 1820 512 1884 causis
533 1842 553 1883 a
575 1820 747 1904 peregrino
773 1819 807 1883 in
835 1821 937 1884 civem
960 1820 1164 1885 instituendis
1186 1842 1260 1906 pro-

175 1923 229 1999 pter
246 1912 389 2003 σύλησιν,
413 1927 481 1983 tum
504 1918 544 1982 de
566 1940 670 2004 poena
692 1942 713 1984 a
734 1920 805 1984 cive
829 1918 984 1983 sumenda
1009 1921 1036 1983 si
1057 1913 1196 2004 σύλησιν
1213 1920 1260 1984 in-

123 2057 125 2063 ·
172 2016 238 2099 juria
257 2019 447 2099 exercuerit,
470 2017 510 2082 de
528 2017 695 2105 judicibus
719 2018 806 2105 apud
834 2039 913 2103 quos
939 2009 1038 2085 causa
1060 2022 1102 2084 sit
1124 2017 1260 2104 agenda,

123 2117 125 2125 '
176 2112 204 2178 dc
220 2141 357 2204 proxeno
380 2117 535 2182 mendace
565 2117 747 2183 multando:
776 2120 809 2182 in
838 2118 940 2183 altera
968 2128 1061 2206 parte
1088 2118 1262 2205 exponitur

176 2211 204 2277 ds
217 2217 374 2304 judicibus
397 2218 605 2304 suppletoriis
637 2217 794 2300 eligendis
815 2219 844 2282 si
866 2218 1009 2305 aequalis
1032 2218 1260 2301 suffragiorum

175 2309 241 2380 inre
259 2318 433 2403 peregrina
456 2316 574 2382 divisio
598 2317 670 2398 fiat,
702 2317 839 2405 denique
867 2318 908 2382 de
939 2320 1045 2382 causis
1067 2319 1151 2382 inter
1174 2319 1261 2380 cives

175 2415 314 2504 utriusque
329 2416 420 2481 urbis
436 2416 579 2501 agendis.
614 2417 754 2504 Reperta
778 2426 827 2482 cst
845 2416 926 2482 haec
938 2417 1050 2482 tabula
1065 2415 1261 2498 Oeantheae‚

175 2529 236 2593 quae
253 2539 339 2582 nunc
361 2525 409 2580 est
432 2514 596 2580 Galaxidi.

235 2620 259 2680 6.
296 2615 390 2680 Alter
404 2615 524 2698 titulus,
547 2616 659 2681 eodem
674 2614 745 2680 loco
760 2615 904 2696 effossus,
927 2615 1262 2701 Hypocnemidiorum

173 2719 214 2793 tlt,
232 2715 358 2802 Opunte
380 2713 594 2801 probabiliter
616 2716 789 2781 confectus.
823 2716 904 2800 Agit
926 2714 965 2778 de
989 2714 1114 2780 colonia
1135 2714 1187 2778 vel
1210 2737 1261 2778 co·

171 2801 244 2879 loniis
275 2838 318 2879 ex
345 2814 615 2900 Hypocnemidiis
645 2813 781 2879 urbibus
812 2815 1017 2900 Naupactum
1050 2813 1261 2878 deducendis:

166 2903 226 2987 jura
253 2924 435 3000 statumque
468 2914 652 2979 colonorum
684 2923 838 3000 quantum
876 2915 1017 3000 pertinet
1049 2913 1091 2977 ad
1122 2914 1262 2999 patriam

168 3005 315 3079 cintatsm
337 3014 541 3101 praescribit,
564 3013 763 3079 conditiones
786 3014 903 3098 quibus
926 3015 1029 3077 eisin
1051 3013 1191 3098 patriam
1213 3033 1262 3075 re·

166 3098 224 3176 dire
242 3113 346 3179 liceat.
389 3113 516 3178 Prodiit
542 3115 576 3178 in
605 3114 710 3178 lucem
733 3112 870 3177 Athenis
900 3135 983 3177 anno
1010 3118 1105 3194 1869,
1136 3111 1262 3176 titulum

155 3197 256 3300 ¹ferens
278 3205 439 3276 Ἐσσσίκισ
461 3216 606 3295 Λοκρῶν
629 3206 814 3295 γράμματα,
844 3212 884 3276 ab
908 3211 1019 3277 eodem
1042 3210 1264 3276 Oeconomida

161 3301 257 3376 editus
280 3335 319 3377 ac
347 3314 477 3398 copiose
504 3313 699 3394 illustratus,
731 3311 960 3378 accedentibus
988 3310 1113 3375 duabus
1143 3308 1263 3374 tabulis

156 3391 405 3499 lithographicis.
467 3412 657 3479 Minusculis
696 3415 810 3477 iterum
852 3409 953 3474 edidit
986 3409 1026 3474 G.
1060 3410 1191 3485 Curtius
1228 3409 1263 3471 in

155 3491 267 3574 horum
295 3511 473 3577 studiorum
500 3511 565 3578 vol.
591 3513 640 3595 Π,
667 3536 742 3599 pag.
770 3519 840 3593 441,
867 3511 980 3596 paucis
1009 3510 1154 3588 refectis,
1192 3507 1262 3571 bre·

154 3599 248 3673 vibus
280 3610 434 3698 subjectis
468 3612 712 3676 adnotamentis.
773 3612 879 3691 Quum
914 3619 1026 3675 contra
1046 3607 1163 3703 ‘Curtii
1194 3630 1262 3682 mu·

156 3701 307 3791 tationes,
345 3719 412 3774 tum
450 3710 607 3775 adversus
646 3734 814 3774 censuram
857 3710 1008 3773 Bursiani
1042 3710 1075 3771 in
1108 3706 1264 3771 Zarnckii

150 3789 382 3892 Castratae,
420 3809 471 3874 die
510 3816 549 3877 29
580 3811 730 3877 Januarii
769 3809 864 3895 hujus
903 3809 980 3872 anni
1014 3805 1181 3890 vulgatae,
1214 3827 1263 3868 re-

149 3904 282 3978 ⁸Pondit
322 3907 557 3975 Oeconomides
602 3911 636 3974 in
688 3907 893 3995 ephemeride
940 3906 1133 3991 Tergestina
1180 3927 1264 3991 quae
1383 3981 1385 3986 ἲ

146 3989 263 4069 Κλειώ
281 4008 486 4092 inscribitur,
516 4009 600 4074 dieb.
624 4014 661 4074 19
683 4007 810 4085 Martii,
831 4013 850 4071 2
868 4015 898 4070 et
917 4012 935 4071 9
958 4003 1091 4090 Aprilis.
1135 4002 1263 4069 Tabula
