2836 4784
332 456 336 462 ,
435 400 469 457 de
487 404 692 475 praepositione
714 402 802 476 παρά.
1039 415 1042 419 ’
1134 412 1173 474 37

59 570 156 656 magis
178 569 358 635 videantur
381 592 477 657 quam
500 571 673 658 pertinent,
694 578 807 657 utpote
828 571 862 637 in
882 571 1002 659 quibus
1023 595 1176 659 persons·

59 693 124 735 rum
144 671 238 735 notio
261 671 406 734 maxime
428 672 603 757 perspicua
623 671 674 738 sit

135 768 266 833 Tamen
294 792 360 834 non
386 771 518 838 omnino
539 770 667 856 Atticos
698 769 875 857 scriptores
902 791 922 834 a
950 771 1177 837 coniunctione

58 868 312 954 praepositionis
333 865 426 952 παρά
447 891 520 934 curn
533 867 644 933 dativo
657 890 768 934 rerum
791 868 1003 934 abhorruisse
1022 871 1178 936 nonnulla

58 965 209 1053 exempla
221 965 381 1050 Platonis,
403 966 533 1053 singula
543 966 773 1055 Xenophontis
788 967 969 1033 Andocidis
981 969 1176 1036 Demosthe·

57 1068 103 1131 nis
141 1065 270 1131 docent.
314 1067 399 1131 Nam
428 1068 513 1134 Xon.
538 1066 646 1132 Anah.
674 1066 722 1132 VI
750 1072 786 1150 2,
815 1073 833 1135 2
864 1060 1052 1150 ὡρμίσαντο
1083 1065 1178 1149 παρὰ
1298 1089 1302 1097 ’

57 1166 90 1252 τῇ
101 1157 338 1245 Ἀχερουσιάδι
352 1159 553 1252 Χερρονήσῳ
576 1167 716 1252 scripsit,
739 1166 890 1233 omnibus
912 1167 1079 1235 codicibus
1102 1190 1176 1234 con·
1287 1216 1290 1221 -

59 1264 288 1347 sentientibus,
320 1287 395 1330 curn
423 1265 559 1331 verbum
582 1258 781 1349 ὁρμίζεσθαι
802 1288 877 1331 cum
898 1257 946 1342 εἷς
967 1261 1026 1329 ίπί
1047 1261 1082 1330 ἐν
1112 1266 1177 1334 dici

60 1365 169 1430 soleat.
588 1448 591 1452 Ι

138 1463 241 1551 Apud
259 1461 428 1529 Platonem
450 1463 531 1529 haec
552 1472 699 1529 exstent:
729 1455 763 1527 ui
786 1456 883 1544 δόξαν
906 1462 1041 1550 ψευδεῖς
1060 1485 1097 1527 νε
1119 1459 1177 1530 καὶ

58 1555 200 1649 ἀληθεῖς
211 1554 309 1626 αὐταί
329 1556 523 1646 γιγνόμεναι
536 1559 596 1638 τὰς
616 1556 726 1638 λύπας
744 1584 780 1626 τε
802 1559 858 1627 καί
880 1555 1003 1649 ἡδονὰς
1024 1557 1096 1644 ἅμα
1117 1565 1177 1627 τοῦ

59 1653 136 1744 παρ’
162 1654 281 1738 αὑταῖς
300 1659 504 1749 παθήματος
524 1653 784 1742 ἀνεπίμπλασαν
805 1660 930 1728 Phileb.
948 1669 988 1730 42
1008 1663 1060 1746 A,
1082 1654 1180 1728 εὐδο-

58 1762 164 1843 κιμεῖν
184 1757 247 1842 μὲν
268 1758 329 1844 γὰρ
351 1755 422 1826 ἔστι
441 1758 535 1843 παρὰ
557 1763 630 1837 ταῖς
652 1761 774 1848 ψυχαῖς
793 1761 924 1846 Protag.
941 1766 1001 1829 337
1015 1762 1062 1845 B,
1084 1757 1177 1845 παρὰ

58 1862 121 1938 τοῖς
142 1855 341 1946 πράγμασιν
358 1852 468 1925 οἴεταί
488 1880 547 1923 ooo
571 1848 657 1923 εἶναι
687 1853 706 1945 ἡ
736 1854 823 1947 ψυχή
853 1861 899 1926 Io.
923 1867 993 1930 535.
1036 1861 1177 1927 Andoci-

59 1961 103 2027 dis
122 1961 219 2027 locus
241 1969 349 2026 exstat
370 1961 406 2024 in
429 1961 575 2026 oratione
595 1959 612 2024 1
633 1963 662 2042 §-
692 1953 789 2046 11θὴ
815 1955 919 2044 ostile}
942 1950 1020 2042 παρ’
1045 1946 1179 2046 pibbae·

59 2083 114 2138 κας
132 2070 166 2127 et
179 2060 414 2127 Demosthenis
433 2055 511 2135 τοὺς
532 2054 624 2143 παρὰ
645 2054 749 2144 τούτῳ
771 2064 826 2136 (sc.
839 2051 1038 2142 Παλλαδίῳ)
1061 2052 1178 2137 νόμους

60 2153 283 2244 παραβαίνειν
303 2159 423 2224 ΧΧΠΙ
442 2166 492 2225 71.

137 2258 243 2325 Vides
269 2259 369 2345 igitur
397 2259 613 2345 perexiguum
643 2279 714 2323 esse
740 2279 912 2322 numerum
938 2254 1171 2342 exemplorum,

62 2368 163 2424 tamen
184 2368 237 2424 tot
259 2357 303 2423 ad
322 2381 382 2423 nos
413 2358 603 2445 pervenisse
629 2365 666 2422 ut
694 2358 823 2423 omniuo
859 2378 981 2441 negare
1010 2355 1177 2441 praeposi-

64 2459 173 2525 tionem
188 2450 285 2537 παρά
300 2480 373 2522 cum
392 2456 503 2521 dativo
517 2479 625 2522 rerum
635 2458 853 2522 inanimarum
869 2457 1075 2522 coniunctam
1089 2453 1177 2541 apud

70 2555 182 2622 Atticos
207 2565 342 2621 exstare
362 2578 427 2625 nou
448 2557 621 2642 possimus.

142 2654 275 2737 Quibus
296 2655 457 2742 expositis

472 2783 476 2788 ’
573 2807 603 2886 ε.
628 2809 675 2872 13.

112 2955 155 3019 de
176 2954 502 3043 praepositione
523 2947 635 3036 παρά
657 2977 741 3020 cum
763 2954 912 3020 dativo
935 2976 953 3018 e
974 2951 1120 3019 verbis
1208 2990 1212 2999 ·

510 3053 727 3140 pendente
1123 3046 1139 3071 “

79 3214 222 3285 disserere
244 3217 352 3306 placet
374 3227 472 3306 atque
494 3219 600 3306 primo
623 3218 695 3285 loco

225 3371 267 3435 A.
298 3368 340 3434 de
361 3353 430 3448 usu
444 3367 549 3434 locali.

143 3479 244 3568 Παραί
267 3507 342 3551 eum
363 3484 473 3550 dativo
495 3487 629 3575 proprie
650 3485 758 3555 locum
779 3486 872 3548 iuxta
895 3507 994 3571 quem
1016 3483 1095 3572 quid
1130 3494 1180 3549 est
1275 3569 1281 3583 Ι

84 3582 168 3650 vellit
190 3583 363 3671 significat,
389 3584 447 3649 sed
467 3586 515 3650 ita
536 3595 585 3650 est
606 3595 726 3650 utnon
748 3593 879 3670 praeter
899 3583 1006 3648 locum
1029 3585 1176 3669 porriga-

10 3700 21 3747 ε·
85 3685 128 3746 tur.
163 3685 287 3749 Verum
307 3684 373 3767 iarn
396 3670 631 3771 antiquissimis
654 3681 857 3772 temporibus
887 3685 1026 3771 propria
1053 3691 1084 3746 et
1113 3682 1179 3767 pri-

10 3835 13 3847 .
86 3782 166 3848 nona
180 3776 381 3870 significatio
404 3784 516 3866 ,iuxta‘
548 3785 582 3848 in
611 3805 684 3848 earn
712 3803 796 3869 quae
824 3780 922 3846 latius
952 3789 1043 3869 patet
1069 3776 1180 3864 ,apud‘

10 3930 13 3945 .
88 3873 154 3946 abiit
836 3877 841 3888 '

10 4030 13 4044 .
147 3979 183 4046 In
202 3981 340 4047 Homeri
361 3981 568 4048 'carminibus
588 3974 680 4062 παρά
708 4002 782 4045 eum
810 3978 922 4043 dativo
951 3975 1020 4040 sola
1048 3973 1180 4038 notione

21 4152 24 4159 .
91 4066 162 4143 locali
177 4079 358 4148 adhibitum
370 4091 429 4166 est,
450 4080 540 4169 quod·
558 4079 646 4146 idern
667 4079 708 4145 de
730 4073 821 4159 παρά
841 4098 911 4141 curn
928 4075 1078 4159 genetivo
1092 4071 1178 4147 dicto

21 4204 27 4481 ί

21 4496 27 4745 ί
