2836 4784
258 380 298 442 42
780 372 843 426 Rau

259 541 385 628 proprii
408 541 612 606 coniunctum
636 541 766 626 saepius
793 540 899 606 locum
927 540 1052 617 (aedes,
1072 546 1204 618 terram)
1233 538 1290 603 ubi
1319 537 1372 603 eli-

259 641 331 726 quis
357 649 420 722 est,
448 640 587 723 indicat,
617 642 672 728 qui
701 664 779 706 usus
806 643 935 707 omnino
957 638 1248 724 Francogallorum
1275 639 1372 725 parti-

258 738 350 804 culae
370 739 439 804 cta
460 740 645 826 respondet
686 731 765 823 ιιαρ>
790 733 902 815 αὑτοῖς
929 728 1015 802 εἶναι
1043 739 1122 824 Lys.
1144 738 1214 802 XII
1238 744 1277 806 33
1307 741 1372 802 etro

257 836 336 903 chez
360 842 416 904 soi.
458 831 536 920 παρ’
561 831 649 922 αὑτῷ
671 833 813 926 γράφειν
828 833 1009 924 ἐπιστολήν
1022 838 1180 904 Dinarch.
1195 840 1272 906 135.
1293 829 1370 919 παρ)

258 931 331 1016 ἐμίν
350 931 459 1000 ἐτίθει
481 928 592 1001 ὄληαι
620 939 757 1004 Theocr.
779 937 812 1004 Π
837 944 894 1007 156
915 938 1004 1026 apud
1026 961 1077 1002 me
1100 937 1285 1024 deponebat
1307 960 1370 1001 am-

257 1036 395 1123 pullam3
422 1037 478 1102 ubi
505 1037 679 1103 scholiasta
702 1037 783 1102 haec
810 1037 923 1105 habet:
950 1034 1008 1102 καί
1035 1030 1083 1112 εἰς
1110 1033 1168 1101 τὸν
1193 1024 1287 1099 οἶκόν
1308 1057 1371 1116 μου

255 1131 424 1212 πολλάκις
444 1130 550 1200 ἐτίθει
569 1134 629 1222 τὴν
651 1132 810 1226 λήκυθον.
836 1130 922 1221 διᾶγ’
948 1131 966 1202 ὁ
989 1131 1144 1219 Κύκλωψ
1159 1130 1177 1201 ὁ
1193 1127 1272 1216 παρ’
1295 1129 1371 1216 ἁμῖν

254 1236 300 1302 id.
323 1237 374 1300 XI
400 1245 428 1304 7.
460 1239 494 1301 in
522 1236 586 1301 hac
611 1247 724 1303 nostra
750 1247 839 1303 terra
867 1239 907 1306 cf.
936 1237 1057 1321 schol.,
1079 1231 1172 1319 παρὰ
1194 1227 1312 1319 Λοξίᾳ
1339 1235 1371 1297 in

254 1336 375 1423 templo
397 1337 434 1402 L.
456 1337 536 1403 Eur.
558 1337 594 1402 Io
617 1343 683 1407 189.
705 1328 886 1421 τώργύριον
907 1334 977 1421 πὰρ
997 1339 1039 1422 τᾷ
1059 1337 1122 1419 σιῷ
1141 1334 1199 1399 Ar.
1213 1333 1295 1420 Lys.
1317 1340 1371 1399 171

256 1439 295 1502 cf.
317 1436 420 1501 Thuc.
444 1436 476 1501 V
498 1442 554 1520 23,
576 1444 604 1504 5.
648 1430 726 1519 παρ’
741 1432 830 1525 Ἥρῃ
858 1431 1040 1501 δαίνυσθαι
1066 1435 1181 1521 Epigr.
1203 1433 1372 1497 Nicenaeti

255 1534 344 1622 apud
363 1533 493 1601 Athen·
507 1536 573 1601 XV
594 1541 655 1605 673
672 1537 711 1602 Β.
739 1537 778 1600 cf.
800 1537 991 1603 Jacobsium
1012 1536 1046 1600 in
1068 1534 1166 1599 Anth.
1189 1531 1246 1598 Gr.
1269 1532 1369 1618 (Lips.

257 1641 348 1712 1817)
374 1635 456 1699 Tom
478 1636 611 1702 111905
640 1646 672 1702 et
698 1635 907 1703 Kuinoelium
936 1638 971 1701 in
1000 1634 1110 1700 Fisch.
1138 1632 1303 1698 animadv.
1330 1629 1370 1696 ad

254 1733 336 1798 vell.
359 1757 407 1819 gr.
429 1735 608 1818 graecffl
629 1741 658 1800 2.
682 1743 752 1804 26¹7,

337 1832 491 1897 Localem
520 1833 789 1919 significationem
816 1833 1054 1921 quodammodo
1082 1833 1207 1914 retinet,
1237 1830 1297 1895 sed
1325 1832 1369 1894 ita

254 1941 290 1996 ut
314 1933 377 1996 iam
399 1933 433 1996 in
463 1955 593 1997 sensum
619 1934 815 1999 translatum
843 1935 954 2018 abeat,
982 1933 1040 2000 ubi
1069 1931 1110 1996 de
1133 1932 1291 1996 institutis
1319 1929 1368 1994 vel

255 2030 499 2097 condicionibus
513 2033 547 2096 in
563 2034 694 2101 civitate
712 2034 896 2100 valentibus
919 2035 1037 2120 agitur,
1060 2032 1151 2096 ouius
1172 2031 1303 2117 generis
1323 2030 1366 2095 lo·

254 2133 398 2197 cutiones
412 2131 503 2218 apud
517 2142 662 2201 oratores
684 2136 827 2199 maxime
848 2143 984 2198 exstant
1013 2123 1188 2194 πολιτείαν
1209 2151 1366 2214 καταστη-

167 2272 170 2278 -
252 2222 393 2312 σαίμενοι
414 2230 513 2296 Isocr.
534 2231 583 2296 IV
596 2238 663 2301 106.
684 2233 752 2297 XII
775 2224 1071 2318 54.’δημοκρατίαι
1091 2232 1191 2295 Isocr,
1213 2229 1283 2293 XII
1302 2235 1365 2296 153.

252 2324 421 2414 παρρηοία
443 2324 522 2413 παρ’
546 2327 623 2414 ὑμῖν
646 2327 742 2400 ἐστιν,
771 2335 866 2398 Dem.
887 2333 939 2398 HI
959 2337 1008 2398 32.
1052 2323 1258 2414 δημοκρατία
1288 2319 1365 2410 παρ’

251 2423 329 2514 ἡμῖν
353 2430 452 2493 Isocr.
475 2431 523 2495 VI
544 2437 593 2500 48.
614 2431 682 2496 XII
707 2439 764 2500 153
787 2441 847 2498 etc.
871 2423 949 2515 παρ’
978 2425 1055 2518 ἡμῖν
1082 2423 1100 2493 ὁ
1124 2427 1228 2513 δῆμος
1255 2422 1367 2512 κύριος

251 2528 346 2596 Dem.
367 2528 435 2592 XX
456 2537 523 2598 107.
546 2538 615 2597 111.
638 2523 748 2606 οὐδεὶς
768 2523 846 2614 παρ’
871 2525 947 2619 Ιἡμῖν
968 2522 1086 2615 ἀτελής
1106 2528 1150 2592 ib.
1175 2534 1243 2609 131.
1266 2523 1367 2610 νόμος

252 2622 321 2691 ἐστὶ
346 2624 440 2712 παρὰ
471 2622 577 2715 σφίσι.
604 2629 682 2695 Her.
703 2631 735 2696 V
757 2634 806 2698 88.
847 2626 948 2712 νόμος
975 2631 1082 2693 κεῖται
1109 2629 1210 2692 Isocr.
1232 2628 1298 2692 VH
1320 2636 1366 2697 39.

251 2728 320 2792 XII
344 2734 401 2796 193
423 2738 481 2792 etc.
502 2726 595 2811 παρὰ
617 2731 688 2805 τοῖς
710 2721 826 2806 ἄλλοις
850 2723 1045 2812 εἰθισμένοι
1066 2729 1149 2793 Xon.
1162 2727 1268 2814 Itesp.
1289 2728 1365 2793 Lac.

250 2825 306 2893 VI'
320 2836 348 2896 4.
369 2819 448 2911 παρ’
474 2820 586 2904 αὐτοῖς
606 2823 748 2912 νόμιμον
768 2831 851 2896 Plat
872 2831 934 2916 leg.
956 2830 1038 2895 VIII
1055 2837 1126 2899 841.-

335 2960 463 3040 Quibus
486 2964 644 3049 expositis
665 2974 870 3054 transeamus
890 2986 1022 3029 necesse
1045 2972 1094 3027 est
1115 2965 1158 3029 ad

418 3094 455 3158 B.
478 3094 612 3160 alteram
631 3104 759 3182 partem

250 3228 284 3292 in
306 3226 433 3314 quade
455 3250 492 3292 eo
514 3250 575 3293 usu
595 3230 847 3316 praepositionis
868 3221 961 3310 ιιαροί
984 3252 1056 3294 cum
1078 3229 1191 3297 dativo
1215 3234 1363 3298 coniunc-

250 3335 304 3391 tae
326 3326 550 3392 disserendum
572 3338 630 3404 est,
654 3328 711 3394 ubi
732 3353 797 3394 non
819 3329 861 3394 ad
882 3329 987 3394 locum
1019 3331 1169 3415 pertinet,
1189 3333 1247 3396 sed
1268 3333 1363 3398 rebus

251 3448 334 3513 quae
350 3426 393 3491 ad
408 3429 553 3492 animum
567 3437 716 3514 spectant
737 3429 959 3515 significandis
980 3430 1131 3513 inservit3
1154 3453 1250 3517 quem
1272 3456 1363 3498 usum

250 3525 521 3612 posthumericum
544 3550 615 3592 esse
636 3529 702 3593 iam
725 3529 999 3613 supradiximus.

249 3669 257 3676 -
332 3626 383 3706 Et,
399 3627 542 3712 primum
563 3625 694 3714 quidem
724 3627 836 3692 eodem
858 3629 926 3693 fere
947 3627 1044 3698 modo
1069 3650 1131 3715 quo
1152 3629 1254 3696 latino
1276 3631 1366 3717 opud

204 3778 209 3789 .
249 3717 343 3806 παρά
380 3726 623 3812 praepositione
650 3748 723 3790 eum
755 3726 866 3792 dativo
897 3730 1069 3793 coniuncta
1093 3731 1122 3793 is
1151 3729 1364 3814 significatur,

248 3823 339 3908 opud
358 3847 453 3911 quem
471 3825 544 3911 quis
557 3824 610 3889 vel
625 3828 849 3892 auctoritatem
862 3827 916 3892 vel
936 3831 1077 3913 gratiam
1097 3828 1205 3911 habet,
1228 3852 1368 3921 quorum,

248 3922 425 3988 verborum
451 3946 603 3988 numerus
630 3946 826 4011 permagnus
856 3935 905 3992 est
940 3937 972 3992 et
1007 3929 1198 4014 saepissime
1233 3929 1365 4016 quidem

247 4020 324 4086 inde
358 4021 400 4087 ab
427 4022 594 4113 Herodoto
621 4044 693 4088 cum
723 4019 816 4110 παρά
852 4027 973 4115 legitur
998 4020 1247 4110 εὐδοκιμεῖν
1276 4031 1365 4097 velut
