2836 4784
192 275 195 281 .
246 284 291 412 ¹ss
774 332 837 388 Ην
936 407 943 416 .

248 515 282 571 et
290 505 440 592 genetivo
452 503 576 568 dictum
589 502 718 569 dativus
730 512 915 589 poneretur,
936 500 1027 566 velut
1037 498 1081 565 ad
1095 498 1232 565 verbum
1253 489 1363 581 τυγχά-

213 617 216 623 ’
251 625 325 681 aar,
340 599 531 684 λαμβάνειν.
557 603 669 690 Neque
683 605 769 666 enim
780 601 870 667 locus
881 601 968 666 unde
982 600 1106 688 aliquid
1119 608 1225 682 exeat,
1241 597 1364 663 sedubi

250 706 293 769 sit
307 703 479 768 indicatur.
499 692 577 782 παρ’
603 697 738 782 ἐχθροῖς
759 695 892 786 θρήνων
911 701 1016 778 τυχεῖν
1037 698 1136 786 Soph.
1152 699 1205 765 Αἱ.
1221 703 1292 765 907.
1309 698 1364 762 Ar.

250 803 349 890 Vesp.
373 806 460 868 1162.
480 801 564 866 Χεα.
584 800 646 865 An.
660 799 679 864 Ι
693 806 724 883 9,
738 805 787 866 29.
809 801 862 876 (cf.
883 803 1033 881 τιμῶμαι
1053 794 1146 880 παρὰ
1168 799 1266 872 θεοῖς
1285 797 1364 863 Xen.
1389 866 1392 870 ,

250 900 347 967 Mena
366 899 401 965 ΙΙ
431 906 463 982 1,
490 903 531 966 32
557 907 589 964 et
614 898 792 964 locutiones
820 903 850 980 ξ.
881 907 918 966 14
947 899 1084 975 allatas.)
1112 891 1258 979 τυγχάνω
1287 887 1362 976 παρ’

250 996 328 1082 ὑμῖν
357 990 496 1085 δικαίων
523 996 617 1062 Dem.
639 997 772 1064 XXVII
792 1003 820 1062 2.
855 997 1023 1065 XXXVII
1044 1003 1092 1065 60.
1111 995 1297 1061 XXXVIII
1317 1000 1363 1061 22.

251 1094 351 1184 λόγος
371 1089 541 1183 ἀποδοχῆς
561 1090 712 1179 τυγχάνει
733 1095 826 1180 παρὰ
852 1098 923 1174 τοῖς
949 1088 1110 1161 άκοάουοι
1137 1095 1254 1182 Polyb.
1276 1095 1293 1160 l
1314 1093 1364 1160 5f.

250 1199 280 1266 V
301 1202 331 1264 9.
355 1204 401 1265 10.
426 1204 472 1264 11.
496 1190 597 1275 δόξαν
616 1190 796 1278 λαμβάνειν
815 1189 909 1278 παρά
930 1218 997 1261 τινι
1017 1198 1119 1263 Isocr.
1139 1195 1205 1260 XV
1224 1200 1295 1263 278.
1320 1185 1364 1256 δι’·

250 1321 310 1384 κνγν
329 1298 425 1363 Dem.
446 1297 580 1362 XXXV
596 1301 645 1364 47.
668 1288 853 1382 ἀμβροσίην
875 1292 988 1377 λαβὼν
1010 1291 1102 1380 παρὰ
1122 1289 1241 1380 μητέρι
1262 1295 1361 1366 Noun.

137 1389 140 1394 ¹
250 1400 347 1464 Dion.
369 1397 421 1462 XI
449 1404 518 1464 241.
550 1392 649 1481 τιμὴν
675 1392 768 1478 παρὰ
790 1399 876 1459 πᾶσι
897 1390 1085 1482 κτήσασθαι
1115 1395 1193 1481 Lys.
1216 1393 1300 1459 XIV
1320 1399 1363 1461 33.

251 1495 344 1580 παρὰ
360 1490 544 1582 Κρονίδαις
558 1491 676 1578 γλινιὺν
697 1489 782 1559 ἑλιῖιν
802 1488 917 1577 βίοτον
935 1495 984 1560 Pi.
996 1495 1091 1582 Pytn
1105 1494 1140 1559 Π
1155 1500 1195 1561 25
1210 1494 1250 1559 cf.
1264 1493 1363 1558 Nonn.

251 1599 350 1664 Dion.
372 1598 403 1662 V
416 1603 444 1664 8.
466 1590 560 1676 παρά
581 1617 648 1658 τινι
666 1588 763 1677 χάρις
784 1588 959 1681 ὀφείλεται
982 1596 1080 1662 Isocr.
1092 1594 1110 1659 I
1124 1599 1171 1660 29.
1187 1593 1307 1659 XVIII
1320 1597 1363 1660 67.

251 1699 305 1774 (cf.
327 1689 422 1781 δίκην
442 1688 593 1782 ὀφείλειν
614 1693 706 1777 παρὰ
727 1698 774 1779 τῷ
796 1690 996 1781 πολεμάρχῳ
1016 1686 1267 1783 LysXXIII3.)
1290 1684 1363 1757 οὐδέ

183 1796 185 1800 '
251 1818 302 1873 τις
323 1786 390 1859 ἄντ’
414 1787 556 1878 ἀγαθῶν
578 1790 653 1858 ἐστι’
666 1788 762 1878 χάρις
781 1790 873 1877 παρά
902 1814 958 1859 σοι
985 1795 1130 1881 Theogn.
1153 1799 1242 1863 1264.
1269 1793 1362 1858 Arist.

250 1895 340 1963 Eccl.
361 1902 430 1965 582
473 1890 557 1958 ὥστε
580 1893 780 1979 λειτουργεῖν
802 1890 941 1959 ἕκαστον
967 1887 1153 1973 ἀξιοῦσθαι
1181 1884 1261 1977 παρ’
1294 1886 1363 1971 ὑμῖν

250 1996 333 2063 Isae
356 1996 419 2061 Vll
440 2003 459 2062 5
480 1994 538 2060 ubi
559 1994 707 2080 Scaliger
728 1986 806 2078 παρ’
830 1988 926 2074 ὑμῶν.
944 1996 1091 2076 mutavit,
1113 2016 1211 2081 quem
1239 2001 1361 2057 secutus

252 2106 301 2162 est
323 2095 477 2160 Reiskius
488 2144 497 2177 ‚
527 2094 586 2159 sed
611 2094 710 2176 falso,
740 2095 825 2182 quod
851 2117 893 2159 ex
921 2094 1001 2159 locis
1031 2094 1139 2159 allatis
1161 2101 1304 2180 apparet
1329 2089 1361 2154 cf.

253 2195 494 2260 Sch‘omannum
517 2193 610 2257 adh.
632 2193 652 2258 l.
674 2194 825 2281 Denique
844 2194 950 2259 locum
970 2192 1181 2281 Alciphronis
1203 2212 1362 2279 apponam

253 2296 310 2382 qui
331 2288 425 2377 παρά
446 2315 513 2355 τινι
530 2287 694 2372 ἐκμαθεῖν
709 2296 842 2381 scripsit
853 2294 902 2359 III
916 2297 982 2359 641
1000 2293 1041 2360 cf.
1055 2293 1141 2358 Plut.
1152 2291 1270 2359 Moral.
1283 2298 1320 2358 37
1327 2291 1361 2354 A.

664 2560 671 2573 .
760 2480 791 2559 ε.
822 2483 869 2547 ιε.

1044 2584 1056 2609 0
1388 2600 1391 2608 .

253 2619 438 2710 Democri
453 2629 770 2716 praepositione
790 2644 877 2693 cum
900 2628 1042 2693 dativo
1063 2627 1122 2692 ita
1144 2627 1362 2697 coniuncta

336 2725 577 2808 ut'dativus'
594 2729 832 2793 accusativi
853 2729 945 2792 vice
961 2728 1057 2814 poni
1078 2725 1285 2792 videatur.

336 2892 548 2958 Notissimum
568 2904 617 2959 est
644 2904 676 2959 et
705 2894 849 2960 Graecos
878 2904 910 2959 et
938 2894 1073 2959 Latinos
1103 2893 1146 2958 ad
1171 2894 1276 2959 verba
1302 2917 1361 2960 mo

174 3056 178 3064 ,
254 2992 353 3056 vendi
380 3015 621 3080 nonnumquam
647 2995 923 3082 praepositionem
951 3015 1025 3058 cum
1053 3016 1132 3059 casu
1158 2995 1277 3080 quietis
1312 2995 1362 3061 ad·

254 3093 388 3176 iungere
409 3091 528 3174 solere,
548 3090 582 3155 in
604 3115 668 3179 qua
691 3092 820 3158 dicendi
841 3094 967 3157 ratione
987 3093 1250 3180 breviloquentia
1271 3117 1363 3182 quae·

254 3191 331 3255 darn
352 3193 450 3274 inest,
472 3213 544 3255 cum
565 3202 671 3269 motus
693 3203 789 3279 atque
814 3194 996 3257 consecutio
1018 3203 1123 3257 motus
1144 3216 1210 3262 una
1240 3197 1362 3260 eadem-

255 3313 317 3377 que
331 3293 550 3355 enuntiatione
569 3291 871 3378 comprehendatur.
891 3292 946 3356 Ex
957 3303 1070 3357 nostra
1091 3292 1221 3357 dicendi
1242 3299 1364 3359 ratione

138 3446 141 3452 .
255 3399 350 3462 etex
372 3393 453 3454 artis
474 3389 601 3476 logicae
612 3391 743 3477 regulis
766 3391 937 3456 dicendum
972 3401 1022 3456 est
1041 3384 1119 3474 παρ’
1144 3385 1266 3468 αὐτοὺς
1285 3392 1365 3476 βάλ

253 3486 329 3552 λετο
352 3482 490 3575 ἐδωδήν,
514 3491 572 3555 sed
590 3489 719 3574 Graeci,
734 3513 806 3556 cum
816 3482 1039 3557 condicionem
1048 3493 1190 3557 iaciendi
1209 3497 1366 3560 actionem

255 3596 440 3675 sequentem
466 3590 561 3654 simul
590 3589 735 3656 indicare
763 3590 882 3655 vellent
909 3587 1002 3672 παρὰ
1032 3586 1070 3654 δέ
1102 3612 1201 3677 οφιοι
1233 3590 1364 3674 βάλλετ’

254 3682 381 3773 ἐδωδήν
400 3689 446 3767 (Θ
468 3697 539 3767 504)
563 3689 705 3754 scribere
727 3689 883 3756 solebant.
927 3688 1024 3770 Quod
1047 3693 1189 3756 maxime
1210 3695 1245 3757 in
1265 3695 1369 3760 verba

241 3783 388 3851 ’τιθέναι
401 3782 541 3869 βάλλειν
562 3781 693 3852 ῖοτάναι
714 3784 853 3868 ἕζεσθαι
875 3792 972 3874 cadit,
993 3800 1061 3856 tam
1083 3783 1182 3878 saepe
1203 3791 1245 3857 ab
1268 3797 1370 3860 omni·

254 3885 315 3951 bus
339 3887 552 3973 scriptoribus
574 3911 645 3952 cum
669 3889 780 3954 dativo
809 3893 989 3978 composita
1018 3900 1054 3954 ut
1077 3913 1184 3977 pauca
1209 3893 1371 3981 ⁴exempla

254 3985 400 4050 attulisse
422 3988 502 4052 satis
523 3991 571 4052 sit.
613 3990 661 4072 τῷ
683 3983 776 4070 τιάρα
797 3993 916 4072 κρειῶν
936 3991 1058 4072 μοῖραν
1084 3986 1191 4054 θέσαν
1212 4014 1231 4073 ρ
1254 3998 1317 4061 258
1343 3994 1374 4058 Θ
