2836 4784
152 343 193 409 58
467 408 469 410 ,
685 338 749 394 Rau

236 505 301 571 Sed
323 507 492 572 videamus
514 508 580 571 iam
601 505 642 571 de
664 507 801 592 singulis
826 517 857 573 et
878 510 1020 596 primum
1041 505 1083 571 de
1104 507 1184 572 locis
1207 506 1260 572 ubi

153 606 302 692 adposito
324 606 432 694 aliquo
455 605 556 671 verbo
578 607 729 671 movendi
752 608 792 672 de
814 611 961 694 personis
976 607 1028 671 vel
1044 607 1142 672 rebus
1169 606 1261 670 ιλιαιο

153 705 294 793 aliquam
317 729 386 770 rem
408 707 557 771 euntibus
577 705 629 770 vel
651 729 722 771 sese
743 707 949 772 moventibus
972 709 1080 792 agitur
1103 707 1259 770 dicamus.

151 805 395 889 Praemittatur,
416 806 449 869 in
471 805 567 890 longe
587 805 736 892 plurimis
759 807 838 872 locis
860 807 923 871 huc
944 806 1181 892 pertinentibus
1195 828 1261 869 rem

151 906 243 970 iuxta
265 929 361 992 quam
382 915 487 970 motus
510 905 582 969 fieri
601 905 737 989 dicatur,
758 928 849 970 mare
867 906 920 971 vel
934 907 1069 970 fluvium
1082 905 1135 969 vel
1157 907 1262 990 ripam

152 1004 295 1092 aliquam
317 1028 404 1088 esse,
431 1004 516 1092 quod
545 1027 586 1069 ex
610 1014 729 1070 natura
755 1029 864 1072 rerum
891 1005 1043 1070 facillime
1072 1004 1262 1091 explicatur.

151 1104 262 1169 Pauca
281 1114 406 1169 tantum
427 1104 579 1190 exempla
600 1127 778 1191 apponam:
806 1107 850 1190 βῆ
870 1100 963 1186 παρὰ
986 1105 1067 1166 θῖνα
1088 1098 1263 1188 θαλάσσης

150 1207 260 1271 Aaou
285 1208 364 1272 Τ40
384 1200 477 1285 παρὰ
500 1206 582 1266 θῖνα
611 1197 694 1279 ἁλὸς
722 1198 872 1286 βαδίζειν
898 1203 1064 1268 Constant.
1086 1203 1165 1290 phil.
1186 1203 1204 1267 I
1226 1210 1263 1269 75

36 1311 42 1320 ’
151 1303 284 1388 (Bergk.
306 1304 394 1370 Poet.
409 1304 470 1389 lyr.
491 1303 550 1369 III.
576 1309 676 1381 1086.)
704 1303 798 1367 Dem.
819 1303 914 1368 XLV
929 1310 976 1371 68.
999 1295 1056 1389 iiia
1072 1298 1165 1383 παρὰ
1183 1303 1262 1364 θῖνα

152 1397 327 1487 θαλάσσης
350 1401 450 1470 δ432.
484 1399 576 1483 παρὰ
603 1399 660 1488 τὴν
681 1396 860 1465 θάλασσαν
881 1403 1061 1482 περιπατεῖ
1089 1402 1137 1466 Pl.
1161 1401 1263 1486 Gorg.

151 1510 205 1569 511
233 1503 271 1567 Ε.
308 1495 445 1585 ἀποβὰς
465 1498 558 1583 παρὰ
580 1496 638 1564 τὸν
659 1495 813 1582 ποταμόν
833 1502 956 1567 Herod.
978 1503 1012 1566 Π
1033 1508 1080 1569 29.
1104 1523 1263 1586 παραπη-

151 1602 230 1667 δᾶτε
252 1598 345 1682 παρὰ
369 1595 536 1684 ψάμαθον
558 1598 615 1665 καὶ
636 1593 707 1664 θῖν’
733 1595 816 1677 ἁλός
842 1601 899 1667 Ar.
922 1602 1021 1688 Vesp.
1048 1607 1135 1668 1520.
1163 1593 1263 1678 ἑρπό-

153 1699 216 1780 ζονν
239 1698 331 1782 παρὰ
353 1703 435 1764 θῖνα
457 1695 631 1786 θαλάσσης
660 1725 684 1766 ν.
707 1707 777 1769 220.
821 1692 931 1764 uittas
959 1696 1052 1786 παρὰ
1080 1691 1152 1762 θῖν’
1184 1692 1264 1774 ἁλός

151 1802 243 1868 Ω12.
289 1792 365 1876 όνος
385 1793 467 1882 παρ>
498 1793 642 1882 δίροοραν
671 1793 730 1862 ἰιάν
752 1805 872 1869 Λ558.
915 1797 1008 1881 παρὰ
1030 1795 1183 1881 ποταμὸν
1205 1820 1264 1861 ντε-

152 1895 303 1986 φοβήατο
340 1904 372 1961 (D
394 1907 463 1968 206.
511 1897 677 1985 στυφλοδς
709 1893 793 1981 παρ’
829 1892 929 1977 άκτδις
962 1894 1112 1962 θείνεται
1145 1898 1262 1963 Aesch.

150 2000 241 2063 Pers.
258 2005 327 2068 298.
351 2000 472 2086 Hymn.
491 2001 586 2066 Hom.
607 2000 692 2064 XXI
708 2006 736 2066 2.
759 1998 851 2082 παρὰ
875 1998 1065 2084 λενκσφανῆ
1089 1992 1262 2084 ψάμαθον

150 2091 376 2179 εἱλισσόμεναι
399 2094 515 2163 κύκλια
544 2094 670 2182 γάμους
692 2094 868 2178 ἐχόρευσαν
888 2100 966 2164 Eur.
986 2099 1058 2185 Iph.
1081 2097 1153 2163 Aul.
1173 2106 1261 2165 1054.

150 2196 208 2263 τὸν
230 2190 368 2261 δἀὐτοῦ
391 2197 483 2280 παρὰ
508 2197 618 2278 χεῖλος
632 2193 846 2280 ἑλισσόμενον
860 2200 1027 2279 ποταμοῖο
1040 2197 1147 2283 Apoll.
1160 2189 1264 2262 Rhod.

152 2302 181 2360 Γ
194 2305 282 2366 1277.
326 2294 484 2382 βόσκεται
511 2295 605 2382 παρὰ
632 2292 786 2379 ποταμόν
819 2298 897 2363 Her.
923 2299 974 2363 IX
996 2303 1045 2364 93.
1076 2296 1184 2382 Apoll.
1205 2297 1264 2362 Rh.

152 2401 182 2461 B
196 2405 265 2466 500.
297 2395 443 2462 πέτασαν
466 2406 522 2477 (sc
542 2396 583 2462 τὰ
606 2397 739 2479 εἵματα)
762 2393 855 2478 παρὰ
878 2389 950 2460 θῖν’
977 2390 1058 2472 ἁλός
1081 2392 1158 2474 ζ94.
1189 2397 1265 2461 Sae

152 2500 226 2584 pius
243 2498 283 2563 de
298 2502 445 2563 exercitu
458 2501 519 2563 iter
533 2501 625 2564 iuxta
641 2500 758 2583 ripam,
779 2497 955 2562 seeundum
977 2497 1111 2560 fluvium
1126 2497 1265 2561 faciente

150 2596 269 2682 legitur
301 2592 569 2680 πορεύεσθαι
600 2593 693 2678 παρὰ
723 2593 782 2658 τὸν
811 2589 965 2675 ποταμόν
997 2595 1119 2660 Herod.
1140 2597 1172 2660 V
1198 2603 1264 2663 100.

150 2696 232 2762 VIII
260 2702 308 2765 33.
338 2694 422 2762 Xen.
450 2696 536 2761 Hell.
562 2697 610 2762 IV
636 2704 665 2762 5.
685 2705 714 2764 5.
743 2696 811 2761 Pol.
838 2695 890 2760 ΙΠ
922 2703 967 2761 14.
991 2703 1030 2762 50
1049 2696 1115 2760 ·vel
1147 2689 1265 2776 κομί-

153 2792 304 2873 ζεσθαι
327 2796 449 2861 Herod.
472 2796 564 2863 Vlssl.
586 2796 708 2862 VIllo.
731 2801 750 2879 ξ
775 2803 801 2860 1.
828 2801 895 2862 193.
915 2794 1016 2859 Thuc.
1038 2795 1134 2862 1183.
1155 2795 1264 2863 ΙΠ81.

150 2895 220 2962 Pol.
249 2895 336 2962 Ι21.
360 2901 408 2962 29.
431 2902 471 2963 39
494 2905 551 2960 etc.
596 2896 723 2961 Similia
755 2895 905 2981 exempla
933 2904 1021 2959 sunt:
1051 2886 1130 2977 παρ’
1166 2886 1266 2980 αὐτὴν

150 2990 208 3079 τὴν
231 2987 399 3077 ὑπώρειαν
419 2991 476 3077 τὴν
499 2989 640 3075 δύναμιν
656 2988 748 3078 δίγειν
769 2994 838 3058 Pol.
858 2996 890 3060 V
902 3000 951 3061 22.
964 2999 1013 3062 69.
1056 2989 1267 3076 πλεῖν-παρὰ

150 3089 208 3177 τὴν
229 3095 287 3177 γῆν
316 3093 417 3157 Thuc.
442 3093 477 3157 H
496 3099 546 3175 90,
569 3101 596 3162 3.
616 3095 665 3161 VI
689 3101 736 3162 13.
757 3095 839 3159 VIII
863 3100 930 3159 104.
973 3089 1065 3178 παρὰ
1089 3089 1146 3178 τὴν
1168 3084 1266 3178 ἤπει-

152 3213 211 3272 ρον
230 3181 318 3270 εῖχσν
338 3189 398 3267 τὰς
418 3194 497 3268 ναῖς
510 3192 640 3262 Herod.
655 3194 703 3258 VI
716 3198 764 3260 95.
800 3192 866 3257 Sed
886 3194 965 3257 satis
989 3214 1150 3279 superque
1171 3191 1265 3257 huius

152 3290 240 3355 modi
263 3292 486 3377 exemplorum
509 3292 602 3358 attuli
624 3303 656 3358 et
678 3291 830 3358 facillime
852 3292 946 3378 plura
969 3292 1085 3356 afferre
1107 3301 1263 3377 poteram,

152 3392 263 3476 itaque
281 3391 407 3455 iuvabit
426 3393 596 3458 nonnullos
617 3393 706 3458 locos
731 3391 919 3456 adscribere
941 3390 999 3456 ubi
1020 3414 1094 3456 cum
1107 3391 1190 3456 alius
1213 3415 1264 3480 ge·

150 3492 238 3554 neris
261 3490 473 3556 substantivis
494 3487 586 3570 νιαρά
610 3494 815 3557 coniunctum
836 3503 884 3555 est
909 3490 998 3554 velut
1019 3486 1112 3572 παρὰ
1131 3484 1266 3552 Λύδιον

151 3583 242 3670 ἅρμα
264 3586 366 3668 πεζὸς
387 3583 520 3669 ῖχνείων
533 3591 628 3656 Pind.
641 3591 702 3676 frg.
717 3596 777 3657 222
792 3590 916 3654 Buekh.
937 3590 1062 3675 (Bergk
1081 3596 1161 3668 190.)
1183 3611 1265 3676 quae

152 3698 202 3754 est
223 3689 580 3776 proverbialislocutio
602 3691 642 3754 de
670 3691 823 3754 inferiore
847 3691 901 3777 qui
923 3690 1046 3753 frustra
1069 3698 1172 3753 certat
1195 3711 1265 3752 cum

151 3792 327 3877 superiore.
350 3787 443 3871 παρὰ
464 3794 548 3854 ναῦν
569 3781 843 3874 ἰθύει-δελφίς
865 3788 958 3853 Ρίοδ.
979 3789 1072 3872 frgm.
1095 3794 1155 3856 258
1182 3791 1266 3866 (219)

151 3891 243 3954 iuxta
259 3913 377 3955 navem
398 3889 567 3954 celerrimo
586 3913 682 3953 cursu
704 3888 875 3974 delphinus
891 3887 1051 3972 dirigitur.
1073 3874 1111 3948 ἔκ
1127 3881 1264 3972 δίφροιο
1286 3967 1288 3972 Ι

151 3984 244 4069 παρὰ
265 3986 383 4073 τροχὸν
412 3982 608 4074 ἐξεκυλίσθη
631 3993 663 4049 Ζ
671 3994 711 4055 42
739 3990 851 4058 Ψ394.
894 3978 1020 4073 καθῆκ’
1050 3981 1194 4066 ἐμαυτὸν
1220 3977 1263 4060 εἰς
