2836 4784
222 347 227 355 ,
284 317 292 349 l

417 357 419 362 ·
438 343 473 398 dc
490 341 694 415 praepositione
713 341 800 416 παρά.
1134 348 1175 412 93

138 493 241 576 Notio
264 519 370 575 autem
388 524 519 595 praeter
542 532 613 576 cum
640 523 696 574 aut
718 511 761 575 ad
782 511 886 577 locum
907 509 1025 577 autad
1047 519 1175 596 tompus

60 618 109 673 aut
131 609 176 674 ad
200 611 345 674 animum
366 610 479 674 referri
501 611 615 696 possit,
637 611 743 696 primo
758 609 828 675 loco
844 609 990 676 dicamus
1011 609 1052 674 de
1065 608 1175 674 verbis

63 708 254 794 quibuscum
277 700 477 794 praepositio
498 702 591 789 παρά
611 708 791 795 composita
805 708 939 774 localem
957 712 1027 774 uim
1049 710 1175 791 retinet,

65 830 259 894 quamquam
282 806 396 870 eadem
417 806 520 872 verba
542 810 638 873 etiarn
662 806 703 872 de
728 819 874 894 tempore
895 817 927 873 et
949 808 990 873 de
1012 806 1176 873 rebusad

65 909 203 971 animum
232 905 400 970 translatis
431 909 584 993 usurpari
615 927 712 994 posse
734 916 767 971 et
788 916 947 993 usurpata
968 929 1040 973 esse
1060 928 1119 993 per
1139 928 1175 971 se

69 1016 212 1092 apparet.
256 1005 348 1085 Quae
369 1005 471 1070 verba
490 1017 564 1071 sunt
589 1001 808 1088 παρατρέχειν
836 1008 947 1085 (etiam
967 1006 1008 1070 de
1029 1014 1176 1093 tempore

71 1104 195 1182 dictum)
219 1113 253 1169 et
273 1100 506 1183 παρεκτρέχειν
526 1110 558 1170 in
580 1106 685 1171 stadio
714 1106 854 1193 aliquem
881 1127 1053 1192 superare3
1086 1104 1176 1190 apud

73 1207 260 1288 posteriores
282 1207 457 1291 scriptores
480 1205 621 1270 eiusdem
644 1207 755 1293 stirpis
778 1206 992 1287 παρατρσχᾶν
1012 1212 1044 1267 st
1064 1225 1176 1285 παρα-

74 1296 240 1383 τροχάζειν.
262 1300 463 1387 παραΐσσειν
477 1303 573 1368 Hom.
595 1315 627 1368 et
647 1314 732 1390 post.
753 1306 833 1391 epic
856 1300 948 1385 παρὰ
967 1296 1018 1378 τίς
1036 1323 1072 1365 τε
1092 1299 1176 1365 κιών

76 1391 248 1484 ύνθρωπσς
269 1404 307 1464 Π
317 1407 387 1472 263.
409 1395 685 1487 παρακεληείζειν
705 1402 764 1469 Ar.
777 1405 859 1469 Ran.
875 1408 945 1468 900.
973 1400 1174 1485 παραπλεῖν.

76 1502 254 1584 παραρρεῖν.
290 1497 551 1585 παράρρειθρος.
587 1496 843 1584 παραπέτεσθαι
857 1495 1031 1588 Aristoph.
1064 1524 1176 1585 παρα-

75 1594 315 1684 osipus-Hom.
335 1597 494 1685 παριέναι
517 1612 548 1667 ct
568 1596 770 1685 παρεξιέναι.
797 1595 1016 1684 παρελαύνειν
1037 1611 1069 1666 et
1089 1623 1178 1684 παρ·

34 1747 35 1752 ,
74 1692 257 1775 εξελαύνειν.
294 1680 439 1785 Ἀθάνας
459 1703 679 1785 παρεκπερῶν
711 1701 828 1768 Aesch.
858 1704 921 1788 frg.
947 1694 1003 1769 305
1030 1697 1088 1787 τὴν
1119 1706 1175 1778 (εε.

69 1785 174 1882 Ἀρχιί)
194 1793 284 1884 Ἥρη
307 1795 530 1885 παρέπεμψεν
555 1808 645 1882 uli.
689 1796 925 1888 παρέρχεσθαι.
948 1792 1176 1884 παροίχεσθαι

68 1892 160 1963 Hom.
189 1893 449 1981 παραλλάσσειν.
487 1893 771 1983 παραμείβεσθαι.
811 1899 910 1988 Apud
931 1901 1107 1988 scriptores
1128 1902 1176 1964 in·

65 1993 192 2062 ferioris
218 1999 335 2062 aetatis
365 1998 447 2064 haec
474 2002 689 2086 'reperiuntur
716 2002 904 2086 composita.
944 1995 1177 2083 παραστείχειν

61 2089 167 2163 Noun.
188 2091 389 2176 παρασεύειν
411 2097 472 2179 Qu.
487 2098 616 2186 Smyrn.
637 2100 868 2179 παρανεῖσθαι
889 2107 921 2164 et
934 2100 1177 2181 παραινεῖσθαι

57 2188 168 2282 Apoll.
180 2195 284 2262 Rhod.
305 2199 466 2277 παρανεῖν
481 2199 561 2264 Luc.
580 2193 845 2282 παραλέχεσθαι.
856 2192 1176 2281 παραπορεύεσθαι,

56 2290 318 2381 παρανήχεσθαι
339 2296 423 2361 Plut.
444 2290 706 2379 παραθραίσκειν
726 2299 824 2363 Dion.
837 2298 964 2383 Perieg.
987 2291 1178 2380 παραθύειν

56 2389 196 2460 Anthol.
232 2398 455 2479 παραμετρεῖν
475 2396 583 2483 Apoll.
601 2397 702 2462 Rhod.
723 2398 828 2462 Noun.
872 2391 1072 2477 παροδεύειν
1092 2397 1177 2463 Plut.

61 2483 200 2559 Luciam.
232 2495 397 2584 multaque
425 2495 574 2561 derivata
610 2496 699 2581 apud
729 2498 978 2561 recentissimos.
1019 2496 1177 2579 παρσχεῖν

53 2582 159 2758 {Mon
181 2593 258 2659 Hal.
286 2594 437 2682 Denique
456 2587 708 2675 παρακοντίζειν
731 2592 971 2680 παρατόξευσις
991 2615 1178 2681 παρερροι-

76 2693 210 2758 struat.
885 2742 887 2746 »

150 2793 203 2858 De
233 2801 379 2879 tempore
409 2801 651 2879 praetereunte,
686 2793 950 2879 praeterlabente
976 2802 1178 2880 usurpantur
1229 2857 1232 2863 .

47 2877 146 2956 haec
180 2893 370 2979 composita.
420 2886 639 2974 παρατρέχειν
674 2895 806 2980 saepius
840 2893 928 2979 apud
964 2893 1176 2959 Herodotum.

43 2988 272 3075 παρέρχομαι
312 2992 364 3068 (cf.
401 2991 595 3077 oar-gehen).
644 2985 861 3073 παροίχομαι.
914 2987 1063 3075 πάρειμι.
1106 2986 1176 3077 άίρη

42 3085 312 3173 παραμείβεται
333 3089 467 3156 Hesiod.
491 3112 542 3176 op.
566 3098 599 3154 et
622 3088 652 3154 d.
669 3097 738 3158 407.
759 3085 991 3173 παραστείχειν
1011 3091 1116 3158 Nona.
1130 3090 1178 3157 IV

45 3182 134 3256 191.
157 3187 215 3275 τὴν
230 3185 403 3272 παιδικήν
424 3182 557 3274 ἡλικίαν
577 3183 829 3271 παραλλάσσειν
849 3189 934 3257 Plut.
949 3193 1005 3256 vit.
1020 3191 1088 3256 Alc.
1103 3188 1176 3256 VH.

147 3289 221 3355 Iam
248 3311 326 3354 vero
354 3296 456 3352 restat
483 3297 520 3351 ut
542 3289 581 3352 de
602 3310 665 3352 usu
685 3289 938 3376 praepositionis
958 3284 1051 3374 παρά
1072 3300 1177 3356 uana·

40 3368 130 3454 late
153 3389 195 3453 de
216 3388 324 3453 animo
346 3388 452 3453 dictae
472 3389 506 3451 in
529 3386 714 3472 compositis
731 3386 886 3471 dicamus,
909 3391 998 3454 cuius
1012 3412 1093 3456 usus
1107 3389 1177 3477 plu·

39 3481 150 3552 1'ima
182 3487 335 3575 exempla
371 3487 483 3571 lingua
517 3485 647 3551 Graeca
683 3486 824 3552 exhibet.
869 3488 961 3568 Quae
997 3491 1178 3575 composita

41 3587 154 3660 quod
182 3587 254 3653 fere
280 3587 390 3651 omnia
419 3587 453 3650 in
477 3583 596 3649 malam
630 3594 758 3671 partem
790 3586 983 3673 accipienda
1015 3589 1080 3652 sint
1110 3608 1177 3652 non

40 3689 117 3748 est
146 3686 234 3774 quod
267 3687 440 3759 miremur3
480 3685 645 3767 conferas,
679 3686 707 3749 si
744 3684 869 3771 placet,
899 3707 938 3749 ea
970 3707 1056 3771 quae
1086 3689 1107 3767 ἕ
1138 3690 1179 3753 26

41 3762 131 3846 hac
150 3785 190 3849 de
209 3807 245 3850 re
259 3786 479 3872 exposuimus.
500 3783 655 3849 nonnulla
671 3805 776 3868 neque
797 3783 915 3849 malum
938 3804 1043 3870 neque
1057 3785 1177 3849 bonum

45 3885 196 3948 8ensum
218 3884 356 3966 habent,
381 3884 496 3948 bonum
519 3884 725 3969 paucissima.
769 3883 808 3948 In
835 3882 886 3947 his
915 3904 968 3964 ea,
997 3885 1033 3947 in
1060 3882 1178 3967 quibus
1215 3929 1217 3935 -

47 3982 157 4046 notio
184 3983 361 4070 superandi
390 3987 487 4066 inest3
525 3985 706 4070 quicunque
734 3983 817 4046 enim
848 3981 1009 4047 hominem
1037 3980 1191 4069 aliquem
