2836 4784
156 113 217 176 240
672 109 757 166 Allen

157 274 299 339 certiora
315 275 467 362 exempla
478 277 572 342 istius
587 281 775 345 mutationis
795 302 962 367 perpauca
980 288 1168 366 suppetimt
1189 280 1290 347 Nam

95 399 99 407 ·
156 374 333 440 notandum
355 384 405 439 est
423 373 511 439 aliud
543 399 613 440 esse
642 381 885 443 cenversionem
912 378 972 443 litt.
996 400 1024 439 π
1050 380 1086 443 in
1111 400 1156 460 μ,
1183 377 1290 465 aliud

156 497 235 540 vero
255 473 313 538 litt.
333 496 359 555 μ
380 475 413 538 in
435 497 478 539 a:
500 475 584 538 illius
607 477 758 564 exempla
778 476 824 540 nil
847 477 889 541 ad
912 477 995 540 hano
1017 479 1194 563 pertinent.
1239 476 1290 547 Si

156 595 184 636 τε
204 576 238 638 in
256 596 280 654 μ
304 573 385 638 abiit
392 574 473 654 ‚nil
502 575 634 658 mirum;
657 576 758 641 durae
779 579 863 640 enim
887 575 1046 641 emollitio·
1060 580 1290 648 consonantis

157 673 278 738 nullam
301 672 398 737 habet
419 673 704 753 difficultatem.³¹)
746 675 907 762 Pleraque
929 663 1079 761 exempla
1101 696 1191 760 quae
1213 673 1290 744 Oem

157 773 342 839 eonomides
367 768 483 854 attulit,
506 775 533 835 si
555 775 684 837 omnino
699 783 773 837 sunt
787 773 996 856 admittenda,
1020 775 1066 837 sio
1080 783 1138 837 aut
1153 773 1290 847 debent

156 882 213 937 aut
240 880 376 959 possunt
406 869 553 955 intelligi,
587 881 622 935 ut
646 893 673 932 π
705 874 848 958 priorem
873 873 978 938 locum
1004 883 1128 951 teneat3
1163 873 1290 959 qualia

156 970 368 1057 Hesychiana
393 962 539 1050 ἆμάναν·
563 964 694 1050 ἅμαξαν
715 972 746 1048 (i.
769 995 795 1036 e.
817 963 966 1057 ἀπήνην),
988 963 1117 1057 ἀμαλή·
1142 963 1290 1062 ὁμαλή1

154 1062 340 1150 μαμμικόν·
362 1063 535 1152 μικρόνῃ)
565 1069 652 1157 quod
678 1069 823 1136 Koenius
851 1071 894 1135 ad
911 1071 1015 1156 Gmg.
1038 1070 1189 1145 Corinth
1213 1077 1290 1144 282

156 1191 216 1255 pro
237 1161 446 1252 πάνσμικρον
467 1169 616 1234 habebat
660 1168 787 1248 Quodsi
814 1171 888 1235 licet
914 1194 955 1238 ex
982 1170 1101 1255 glossis
1129 1164 1290 1249 μάματα

154 1267 266 1349 (Hes),
289 1259 437 1345 ὅμαστος
458 1268 584 1350 (Pindo,
605 1270 703 1347 ματεῖ
723 1268 836 1352 (Hes),
857 1272 982 1350 ματεῖν,
998 1269 1169 1348 ματεῦσαι
1185 1269 1290 1344 (Joh.

121 1401 123 1404 >
156 1367 300 1433 Gramm.
312 1367 393 1431 Ahr.
402 1367 492 1433 Aeol.
509 1374 560 1445 45)
580 1367 724 1431 radicem
736 1369 881 1434 tribuere
894 1368 1051 1434 Aeolibus
1065 1389 1145 1448 ματ,
1169 1366 1288 1453 edere,

156 1477 265 1532 tamen
285 1491 349 1532 non
374 1468 518 1554 sequitur
540 1489 610 1531 eam
633 1489 705 1530 oum
733 1463 920 1548 πατέομαι,
938 1490 1061 1553 ιμαεεοε·
1083 1467 1283 1533 cohaerere.

154 1567 241 1631 Male
268 1566 431 1631 collatum
449 1577 497 1630 est
517 1565 660 1651 Hesyoh.
690 1562 853 1647 ὁολομάν·
874 1562 1069 1650 μάστροπαν
1089 1588 1164 1631 oum
1184 1566 1279 1652 ejus-

155 1666 227 1731 dem
251 1661 400 1741 δόλρπα·
422 1659 649 1750 κατάσκοπον,
679 1659 890 1746 μάστροττον,
920 1689 995 1730 nam
1017 1665 1080 1730 hoe
1102 1665 1146 1730 ad
1166 1665 1274 1728 nomi-

154 1768 299 1830 nativum
322 1758 436 1850 δόλοεμ
456 1774 595 1850 spectat,
624 1786 727 1851 neque
758 1788 831 1829 oum
853 1765 907 1830 illo
931 1752 1106 1852 quidquam
1135 1771 1270 1850 praeter

155 1866 296 1930 radicem
320 1886 489 1930 commune
509 1863 615 1927 habet.
648 1863 700 1926 Nil
716 1864 856 1949 probant
872 1858 1040 1949 ἐμπήρους
1053 1873 1086 1926 et
1101 1855 1266 1947 ἒμμήροες

155 1964 242 2049 apud
271 1965 407 2027 eundem
434 1964 497 2026 nisi
526 1961 790 2050 assimilationem
816 1963 874 2027 litt
897 1984 932 2028 ττ.
977 1962 1170 2027 Contrarias
1195 1981 1259 2023 mu-

153 2065 284 2128 tationis
311 2084 334 2142 μ
362 2064 401 2125 in·
422 2082 449 2122 π
475 2063 540 2125 tria
568 2063 726 2146 primaria
755 2062 919 2149 exemplaf,
949 2060 1084 2126 Aeolica
1112 2052 1252 2130 ὅτεπατα,

153 2154 308 2237 iliano,
333 2155 526 2243 γρότεπατά,
555 2161 596 2223 ad
618 2160 698 2224 nihil
720 2160 929 2247 rediguntur,
957 2162 1079 2247 quippe
1101 2182 1182 2247 quae
1201 2173 1256 2244 per

152 2261 418 2326 assimilationem
451 2262 690 2345 progressivam
731 2282 772 2324 ex
811 2251 961 2341 ὅτε-ματα
993 2270 1052 2324 eto.
1085 2270 1158 2326 orta
1189 2258 1252 2321 sint

155 2357 252 2440 Quod
274 2359 516 2425 Arehemaehus
544 2358 632 2445 apud
652 2359 853 2430 Athenaeum
876 2360 937 2443 VI,
961 2365 1019 2428 264
1046 2359 1088 2424 de
1107 2353 1249 2439 μενέσται

152 2468 185 2535 et
206 2454 363 2522 πενέσται
378 2466 530 2542 nugatur,
553 2459 585 2520 in
602 2481 640 2523 eo
653 2458 733 2522 nihil
748 2469 797 2523 est
810 2460 873 2522 nisi
888 2460 1087 2525 consectatio
1102 2455 1248 2546 quaedem

153 2559 356 2641 subtilitatis,
389 2581 464 2626 nam
497 2557 556 2621 has
587 2579 683 2622 voees
711 2558 752 2622 ad
783 2557 930 2623 diversas
952 2557 1080 2623 radices
1099 2558 1277 2649 pertinere·

150 2681 244 2724 nemo
264 2661 401 2744 ignorat.
434 2657 507 2721 Non
521 2656 653 2721 multum
676 2656 764 2721 valet
778 2656 922 2744 Hesyoh.
938 2647 1096 2722 ἆπαλεῖν·
1112 2649 1241 2739 <ioelum

151 2759 248 2822 etiam
269 2760 375 2824 minus
398 2749 591 2835 ἅπαρκτεῖν·
621 2747 822 2833 ἆττοτυχεῖνμ
842 2756 928 2844 quod
949 2755 1025 2822 Oea.
1045 2759 1080 2822 in
1101 2749 1243 2838 ἆτταρτεῖν

139 2866 329 2921 -oorreotum
349 2856 428 2920 vult.
471 2855 539 2920 Neo
566 2857 669 2941 magis
692 2854 896 2942 probandum
918 2856 1005 2943 quod
1026 2842 1203 2922 Alirensius
1217 2852 1244 2914 iss

150 2955 274 3023 Kuhnii
297 2956 378 3020 dian.
398 2955 494 3038 VIII,
521 2960 578 3022 361
611 2954 793 3019 submonuit
820 2954 946 3019 radices
968 2979 1036 3040 ματ·
1058 2951 1240 3041 (πέπρωται,

144 3061 238 3138 pars)
261 3065 293 3118 et
314 3059 423 3132 (statur
442 3053 619 3134 (εἵμαρται,
643 3055 758 3137 μοῖρα)
779 3066 935 3139 cognotas
957 3078 1037 3136 esse.
1065 3050 1240 3133 ’Ἀτταξοτῐῡ

150 3153 263 3218 Curtio
285 3162 316 3218 et
337 3153 471 3241 Meyero
494 3152 709 3240 separandum
733 3159 782 3240 est
803 3176 823 3216 a
845 3152 930 3219 Oret.
953 3142 1079 3235 ἅμακις
1098 3155 1150 3221 vel
1170 3138 1241 3235 ἆμᾶ·

151 3254 304 3330 moloc
325 3256 469 3341 sequitur
490 3247 641 3333 τετράκις
662 3262 738 3334 eto,
758 3246 839 3338 illud
861 3254 1005 3317 eontinet
1024 3255 1094 3321 rad.
1116 3274 1190 3335 noy,
1211 3241 1240 3310 cf·

151 3353 281 3416 Sanscr.
296 3353 407 3430 εα-Ζερτ,
440 3352 553 3416 Restat
575 3341 672 3415 uuum
695 3374 736 3414 ex
751 3358 799 3414 tot
820 3351 989 3438 exemplis,
1011 3355 1046 3418 in
1059 3377 1123 3439 quo
1136 3339 1238 3438 ahquid

215 3588 258 3651 31)
275 3593 293 3653 β
309 3586 405 3657 utique
422 3589 544 3638 mutatur
561 3582 645 3655 inp:
669 3583 815 3655 βάρμιτος,
843 3587 1015 3656 κυμερεήτης
1038 3584 1151 3642 Aeolios
1170 3581 1234 3662 diclly

147 3668 215 3724 Ahr.
233 3670 312 3723 Aeol.
330 3663 369 3725 45.
405 3669 446 3723 cf.
465 3669 499 3724 H.
522 3669 565 3724 W.
584 3667 706 3721 Rosoher
723 3669 891 3736 ‚studiorum‘
910 3668 963 3724 vol.
983 3669 1034 3739 111,
1052 3689 1079 3742 p.
1102 3675 1147 3727 129
1162 3669 1210 3736 sqq·

216 3756 259 3820 32)
277 3753 441 3807 Schmidtius
459 3753 527 3822 legit
543 3751 686 3824 μητραόν.
