2836 4784
526 373 560 428 de
577 373 781 445 praepositione
800 375 886 450 παρα.
1220 387 1260 450 53

223 541 298 606 Iam
318 565 399 610 vero
421 543 484 609 hoc
507 565 638 610 monere
659 543 770 627 liceat,
799 543 882 608 satis
903 565 979 608 raro
1001 538 1094 627 παρά
1115 568 1189 611 cum
1207 568 1259 611 ac-

138 644 291 707 cusativo
320 665 337 707 e
364 643 475 708 verbis
506 643 603 708 eundi
637 666 829 729 suspensum
856 643 946 729 apud
976 667 1086 709 omnes
1117 647 1259 709 omnium

136 749 326 827 temporum
348 746 525 829 scriptores
555 743 711 824 inveniri,
737 741 905 808 Herodoto
928 753 959 808 et
980 741 1174 828 Thucydide
1198 766 1253 808 ex·

137 843 255 926 ceptis,
280 864 298 905 e
320 841 436 929 quibus
459 841 513 906 ille
534 843 662 906 circiter
678 840 734 907 CL
752 841 841 925 locis,
864 841 918 907 hic
938 844 1066 908 circiter
1090 842 1152 906 LX
1174 841 1258 906 hanc

137 939 340 1026 particulam
372 941 418 1006 ita
452 942 638 1026 usurpavit,
679 962 753 1005 cum
781 941 815 1006 in
843 941 1028 1008 Homericis
1058 941 1256 1006 carminibus

140 1036 316 1103 duodecim
338 1035 464 1105 tantum
486 1039 637 1126 exempla
658 1049 794 1105 exstent.

223 1138 403 1203 Numerum
429 1148 536 1204 autem
564 1138 740 1203 verborum
760 1161 779 1203 e
802 1139 919 1227 quibus
948 1132 1041 1221 παρά
1066 1162 1139 1205 oum
1161 1162 1254 1205 accu-

148 1237 248 1303 sativo
271 1237 428 1324 pendeat,
460 1247 681 1324 comparatum
702 1260 776 1302 oum
798 1261 908 1303 eorum
928 1262 1073 1322 numere,
1098 1263 1115 1304 e
1138 1240 1256 1327 quibus

153 1330 234 1416 σαροῖ
258 1359 331 1402 cum
353 1338 505 1423 genetivo
528 1360 720 1423 suspensum
743 1339 801 1419 sit,
829 1361 966 1425 parvum
995 1361 1066 1403 esse
1086 1341 1152 1404 iam
1180 1340 1256 1404 inde

157 1435 288 1522 intellegi
316 1446 424 1524 potest
450 1436 537 1522 quod
566 1459 694 1523 semper
722 1437 790 1502 fere
819 1437 922 1502 verba
949 1438 1060 1520 eundi,
1089 1441 1256 1504 rarissime

162 1535 291 1600 mittendi
319 1537 388 1600 sive
417 1536 585 1620 portandi,
619 1539 791 1623 omniaque
819 1560 947 1624 semper
975 1541 1134 1603 sententia
1160 1538 1257 1603 locali

167 1645 300 1720 usurpata
322 1658 395 1699 oum
422 1629 515 1719 σαροῖ
539 1645 571 1700 et
594 1637 782 1700 accusativo
803 1639 974 1702 coniuncta
996 1648 1079 1719 sunt,
1102 1661 1119 1702 e
1139 1637 1254 1724 quibus

169 1730 227 1796 haec
247 1734 394 1800 attulisse
413 1735 493 1800 mihi
515 1737 594 1801 satis
616 1737 685 1799 erit.

231 1832 366 1920 Saepius
388 1828 587 1916 ἔρχεσθαι
609 1855 683 1898 cum
701 1829 793 1914 σαροῖ
815 1832 934 1898 dictum
956 1845 1005 1900 est
1032 1836 1122 1900 velut
1144 1858 1165 1896 α
1183 1842 1254 1904 235.

174 1927 265 2014 Hymn.
284 1933 381 2000 Hom.
403 1933 434 1998 V
457 1939 526 2002 360.
557 1932 680 1998 Herod.
707 1932 724 1996 l
748 1937 814 1998 159.
847 1932 898 1997 ΠΙ
926 1939 965 2000 69
993 1944 1051 1999 etc.
1074 1934 1198 2001 Gallim.
1220 1937 1253 2000 in

175 2025 240 2094 dian.
262 2038 328 2101 181.
359 2043 392 2097 et
417 2033 597 2120 composita
621 2026 816 2113 ἐξέρχεσθαι
845 2032 947 2098 Thuc.
972 2032 1022 2098 III
1050 2038 1099 2102 34.
1129 2030 1254 2115 παρέρ-

177 2131 263 2200 χεσθαι
283 2130 384 2197 Arist
405 2131 491 2198 Nub.
512 2137 582 2200 853.
605 2127 753 2207 ε’ςελθεῖν
773 2130 852 2194 Her.
872 2131 906 2196 Π
920 2138 969 2198 64.
984 2131 1034 2196 ΠΙ
1049 2139 1077 2199 3.
1099 2124 1253 2194 ἀνελθών

178 2221 245 2294 Thus.
272 2229 351 2296 VIII
378 2237 429 2298 59.
470 2231 553 2295 Item
582 2222 691 2293 ἰέναι
723 2239 755 2294 et
780 2233 976 2316 composita,
1009 2231 1099 2296 velut
1129 2238 1167 2294 A
1185 2237 1253 2298 347.
1290 2243 1293 2248 ’

179 2325 247 2392 tur.
270 2332 308 2391 A
321 2336 384 2397 617
404 2339 438 2394 et
459 2328 613 2415 Bacchyl.
635 2334 683 2396 23.
716 2329 810 2421 Ρῖοά.
832 2330 929 2416 Pyth.
953 2330 1033 2396 VIII
1057 2336 1105 2399 62.
1139 2331 1251 2396 Isthm.

180 2419 256 2494 Vua.
285 2437 345 2494 etc.
378 2438 438 2493 etc.
472 2429 577 2495 Noun.
598 2430 697 2495 Dion.
725 2427 841 2494 XXVI
868 2435 917 2494 42.
951 2425 1135 2512 προςιέναι.
1168 2428 1251 2495 Xen.
1382 2510 1409 2516 Η

185 2518 323 2610 1101111,
347 2535 374 2593 5.
398 2519 531 2603 εῖςιέναι
553 2528 674 2594 Herod.
697 2529 777 2594 Ι99.
800 2527 902 2594 Thus.
923 2528 959 2592 H
975 2536 1023 2594 51.
1047 2528 1131 2594 Xen.
1145 2528 1251 2595 Anab.

181 2617 194 2680 I
208 2626 224 2699 7,
238 2631 259 2693 8.
301 2619 438 2710 ἀγγελίη
459 2623 551 2708 παρὰ
579 2621 724 2709 βασιλέα
750 2618 842 2712 ἀνήιε
868 2627 946 2692 Her.
969 2628 999 2692 V
1025 2635 1090 2696 108.
1114 2621 1253 2692 ἀπιέναι

179 2719 240 2800 παρὰ
261 2720 381 2813 Ιφίλους
402 2724 677 2813 Thucde150.
699 2721 791 2811 παρὰ
812 2720 871 2810 τὴν
894 2726 1031 2808 γυναῖκα
1046 2728 1150 2813 Long.
1164 2728 1253 2791 Past.
1366 2722 1370 2731 ’

176 2814 262 2890 Π116.
302 2820 427 2912 ἥκειν.
463 2817 757 2911 ᾶφικνεῖσθαι.
799 2818 965 2907 βαίνειν
1002 2836 1033 2891 et
1065 2828 1251 2911 composita.

176 2917 412 3000 πορεύεσθαι.
433 2926 584 3010 φοιτᾶν
603 2923 725 2990 Herod.
744 2926 761 2990 I
783 2929 830 2992 96.
860 2946 1101 3010 nonnumquam
1123 2948 1161 2989 ea
1184 2949 1251 2989 sen-

176 3023 248 3088 tentia
267 3034 458 3111 usurpatum
480 3033 529 3089 est
550 3033 586 3088 ut
607 3023 768 3109 significet
789 3023 925 3087 coeundi
946 3046 1061 3089 caussa
1084 3023 1175 3088 adire
1197 3025 1253 3090 ali-

175 3137 252 3206 quem,
271 3124 362 3189 velut
382 3123 505 3189 Herod.
534 3123 638 3205 1166,
663 3129 730 3188 111.
762 3112 811 3186 IV
836 3130 862 3206 l,
893 3123 1011 3209 Lysi
1034 3131 1081 3205 16,
1108 3125 1190 3203 (31.6
1216 3130 1252 3190 19

173 3214 210 3280 ubi
227 3222 332 3288 eodem
352 3222 518 3289 intellectu
540 3223 663 3308 φοιτᾶν
685 3215 771 3301 πρός
786 3223 963 3286 —dictum
986 3231 1043 3286 est.
1070 3222 1115 3286 Ut
1131 3225 1254 3308 φοιτᾶν

171 3312 203 3378 ita
215 3322 302 3385 etiam
317 3320 384 3387 alia
403 3321 506 3387 verba
526 3321 588 3386 hac
603 3320 838 3406 significatione
859 3345 931 3386 cum
948 3315 1040 3398 σαροῖ
1057 3323 1254 3406 coniungun-

172 3419 208 3477 tur
225 3420 307 3484 velut
329 3423 404 3496 παῖς
424 3417 518 3501 παρὰ
535 3422 679 3500 Κυψοῦν
703 3410 805 3504 ἦλθες
825 3421 970 3506 Hippon.
990 3420 1197 3485 LXXXVII.
1223 3432 1254 3485 ot
1342 3418 1346 3427 '

169 3502 362 3597 ἀφικνεῖσθαι
396 3519 520 3586 Herod.
553 3520 586 3584 II
613 3516 662 3588 66.
705 3520 792 3585 Raro
826 3542 898 3583 cum
936 3515 1028 3601 παρὰ
1063 3519 1150 3584 diota
1180 3529 1253 3583 sunt

168 3615 244 3682 verba
258 3612 454 3697 οἴχεσθαι
479 3640 496 3677 ν
511 3625 579 3684 414.
598 3621 652 3683 Ar.
666 3618 728 3682 Av.
747 3624 835 3686 1269.
852 3618 936 3683 Ρ1ε1.
948 3618 1034 3684 Men.
1051 3625 1097 3683 71.
1108 3614 1252 3696 μολεῖν

167 3706 239 3780 Pind.
263 3720 355 3784 Nem.
384 3716 449 3782 VH
478 3722 525 3784 33.
556 3716 650 3805 Pyth.
680 3718 729 3781 III
756 3723 805 3784 69.
835 3717 917 3781 VHI
945 3724 993 3786 89.
1022 3718 1125 3780 Noun.
1154 3715 1257 3801 Dion.

167 3805 232 3879 XXI
254 3824 319 3887 143.
343 3815 497 3881 XXXIII
521 3818 588 3880 167.
611 3810 791 3894 στείχειν
811 3815 888 3881 Eur.
901 3816 951 3882 ΕΙ.
971 3822 1036 3883 173.
1059 3806 1252 3905 βαδίζειν

166 3904 201 3975 Pl.
214 3911 418 4003 Prospero
433 3914 462 3979 Ε
479 3915 659 3999 βοηθεῖν
679 3914 759 3979 Her'.
777 3914 829 3979 IX
845 3922 893 3982 57.
914 3907 1043 3977 ἔτειλαν
1057 3908 1143 3986 Διὸς
1157 3904 1253 3975 ὁδὸν

164 4007 236 4092 παρὰ
256 4009 388 4098 Κρόνου
409 4007 522 4100 τύρσιν
542 4013 704 4101 Pind01.
723 4014 758 4078 H
780 4019 828 4080 77.
849 4009 1011 4096 τρέχειν
1026 4011 1251 4097 HymnHom.
