2836 4784
385 409 419 464 de
437 409 641 482 praepositione
659 413 743 482 παρα,
1082 423 1121 483 49

10 585 57 648 188
80 589 144 645 etc.
168 571 398 658 καταθέμενοι
418 569 500 658 παρ’
526 571 601 656 ἐμοὶ
621 578 722 639 ταῖτα
744 578 801 643 Ar.
822 578 898 645 Pac.
928 587 1013 646 1207.
1035 574 1118 664 παρ’

10 664 52 752 οἷς
80 672 185 762 ἐτέθη
212 670 250 739 τὰ
279 669 433 763 χρήματα
466 675 600 763 Antiph.
637 676 683 741 VI
711 685 760 743 50.
810 673 844 740 έν
878 681 916 767 γη
950 701 986 741 τε
1022 677 1121 767 ηιλίμ

10 771 138 839 τιθέναι
169 771 226 839 καὶ
252 768 339 859 παρ’
371 769 512 857 ἀνδράσι
539 769 703 865 τοιαύταις
733 776 834 841 Thuc.
868 777 914 841 ΙΙΙ
946 786 992 845 58.
1037 781 1116 847 Eur.

10 874 71 962 [ph.
93 875 135 940 A„
159 882 227 943 723.
259 875 355 941 Pind.
377 876 467 941 Nem.
489 874 522 937 X
544 882 582 944 48
606 874 658 941 01.
675 874 757 939 VIII
776 882 821 941 17.
847 877 885 940 cf.
903 878 1004 942 Nonn.
1021 880 1120 944 Dion.

10 973 85 1039 XIX
119 982 171 1042 57.
203 973 323 1039 ΧΧΙΧ
352 979 401 1040 94.
436 977 595 1038 sententia
626 975 800 1039 translata:
837 971 1033 1040 κατάθεσθε
1064 976 1120 1064 τὴν

12 1067 126 1150 ξύνεσιν
148 1064 230 1156 παρ’
262 1067 336 1156 ἐμοί
357 1074 496 1159 Dionys.
520 1070 630 1139 Chalc.
650 1072 684 1137 Π
707 1079 735 1139 3.
761 1069 841 1148 στὰς
865 1067 948 1157 παρ>
974 1071 1051 1155 ἐμοί
1077 1079 1120 1142 ad

14 1195 52 1236 ne
76 1174 234 1237 assistens
255 1172 337 1238 Plat
359 1172 448 1237 Prot.
476 1177 545 1239 310.
574 1172 612 1236 B.
640 1171 696 1236 Ar.
718 1172 806 1236 Ecol.
830 1179 900 1240 1182.
944 1171 1035 1256 παρά
1060 1173 1120 1239 Διὶ

17 1267 166 1349 καθέζετο
187 1274 298 1340 Aaou
323 1271 426 1339 9100
447 1281 507 1336 etc.
549 1270 611 1351 Qu.
641 1272 769 1357 Sinyrn.
802 1272 868 1337 XII
896 1279 964 1340 334.
994 1271 1060 1337 κὰδ’
1083 1267 1116 1337 d'

19 1357 74 1446 ἷζον
94 1367 165 1453 πὰρ
186 1363 271 1456 Ζηνί
303 1375 414 1439 (θ520.
441 1371 529 1438 l1128.
561 1365 632 1450 πὰρ
666 1366 702 1433 δέ
728 1359 764 1433 ὀἷ
792 1359 859 1433 εἷσε
892 1367 1119 1453 Θεοκλύμενον

25 1474 105 1537 otas.
126 1493 145 1552 ρ
163 1476 226 1536 572
244 1479 304 1534 etc.
337 1463 444 1551 παραὶ
473 1465 554 1532 ποσὶ
575 1463 729 1532 κάππεσε
746 1466 858 1551 θνμάς
876 1472 984 1540 0280.
1009 1478 1037 1534 iu
1050 1479 1118 1540 617.

27 1564 114 1645 Quint.
143 1568 211 1634 Sm.
239 1568 292 1633 IX
315 1575 382 1635 191.
405 1568 471 1633 XII
493 1574 554 1639 384
577 1579 639 1635 eto.
682 1568 809 1648 Quibus
832 1572 1001 1657 exemplis,
1023 1609 1065 1619 ·-
1087 1583 1119 1638 et

29 1668 147 1750 profecto
182 1668 283 1733 multo
319 1666 416 1754 plura
442 1666 563 1732 addere
591 1682 739 1754 poteram
773 1709 811 1720 -—
845 1682 1022 1736 commotus
1052 1695 1117 1737 non

31 1785 136 1848 possum
157 1791 224 1834 non
241 1768 436 1853 impugnare
452 1766 615 1852 Kruegeri
631 1769 823 1833 sententiam
842 1771 896 1856 qui
913 1770 1014 1834 verba
1030 1773 1117 1857 apud

32 1861 228 1952 Thucydidem
260 1867 289 1930 V
322 1872 388 1948 67,1
426 1863 518 1946 παρὰ
553 1857 587 1929 d'
620 1858 733 1941 αὐτοῖς
760 1859 792 1929 oi
823 1863 881 1931 έπὶ
910 1864 1041 1954 Θρηίκης
1075 1894 1116 1934 ex

33 1966 209 2044 praecedenti
232 1965 334 2031 verbo
355 1957 578 2027 καθίστανται
603 1966 745 2052 pendere
773 1978 878 2052 neget,
901 1967 957 2031 aed
981 1970 1116 2033 verbum

34 2048 90 2140 dcco
109 2067 305 2151 cogitatione
328 2063 512 2129 addendum
537 2087 607 2127 esse
631 2075 769 2129 censeat.

87 2162 230 2229 Alterum
245 2174 295 2229 est
311 2186 413 2250 genus
431 2186 541 2228 eorum
555 2163 700 2229 locorum
715 2167 748 2228 in
763 2165 891 2251 quibus,
908 2189 980 2229 cum
997 2164 1115 2230 Graeci

35 2276 78 2325 ren
95 2285 174 2347 quae
199 2266 294 2329 iuxta
327 2263 427 2328 aliam
455 2285 525 2329 rem
557 2265 743 2349 porrlgitur,
776 2287 850 2329 cum
878 2266 1062 2330 accusativo
1084 2275 1116 2330 et

36 2355 98 2442 παρά
108 2364 303 2448 coniungere
321 2362 455 2444 soleant,
470 2363 619 2448 neglecta
635 2362 697 2428 hac
708 2366 835 2428 ratione
850 2365 961 2443 dativo
975 2373 1116 2430 utuntur.

37 2451 145 2526 Maxime
177 2462 242 2527 huc
269 2464 434 2549 pertinent
461 2484 499 2525 ea
525 2461 642 2544 verba,
675 2461 791 2548 quibus
822 2463 864 2527 ad
884 2463 991 2544 fluvii,
1016 2467 1115 2528 maris

38 2554 97 2640 dpas
122 2561 247 2648 aliquid
280 2563 351 2627 fieri
384 2561 555 2625 indicatur.
597 2556 689 2643 παρὰ
720 2556 874 2640 Σιμόεντι
901 2558 993 2625 θέων
1022 2567 1114 2632 753.

34 2650 77 2734 ῥέει
99 2667 152 2737 (sc.
175 2655 342 2741 ποταμός)
371 2656 525 2742 καθαρὸς
546 2661 638 2741 παρὰ
659 2657 832 2740 θολεροῖσι
853 2661 974 2724 Herod.
996 2660 1043 2724 IV
1066 2670 1114 2729 53.

33 2744 136 2840 ὃπαρὰ
158 2761 198 2848 τῇ
220 2756 322 2824 πόλει
344 2755 428 2845 ῥέων
450 2753 605 2839 ποταμός
625 2755 741 2845 Polyb.
763 2760 797 2824 II
813 2768 840 2824 5.
863 2760 938 2840 V7‚‘
961 2760 1016 2845 qui
1037 2783 1114 2824 usus

30 2859 190 2924 rarissimus
213 2869 271 2942 est,
300 2882 377 2923 nam
405 2859 501 2946 longe
525 2857 676 2945 plurImis
699 2859 855 2923 eiusmodi
877 2860 958 2923 locis
981 2880 1114 2922 accusa-

28 2951 87 3022 tivus
107 2948 234 3046 positus
254 2969 312 3026 est.
343 2959 411 3024 Ubi
432 2958 570 3024 verbum
591 2958 781 3044 porrigendi
803 2957 854 3022 vel
878 2956 1028 3020 movendi
1051 2980 1114 3021 non
1168 3049 1170 3054 η
1230 3007 1234 3017 .

28 3067 115 3137 exsut,
137 3068 254 3144 poetae
275 3059 415 3146 quidem'
429 3059 559 3145 saepius
582 3056 692 3122 datiuo
713 3058 763 3121 usi
781 3066 854 3120 sunt
870 3055 958 3119 volut
973 3056 1113 3121 Alcaeus

18 3143 57 3216 u
72 3166 97 3224 ι.
133 3158 290 3245 Diphilus
311 3158 329 3223 1
351 3165 380 3224 ν.
408 3157 602 3244 Xenophon.
627 3157 661 3223 11
681 3162 709 3224 ε.
724 3155 825 3227 ,νεα
846 3155 959 3220 Isium.
978 3155 1041 3219 un
1067 3163 1113 3222 α.

24 3246 116 3322 doech.
139 3257 229 3344 Sept.
253 3263 313 3325 373
336 3268 401 3322 eto·
417 3267 476 3322 etc.
503 3249 676 3327 τείνεοθαι
702 3255 892 3341 plerumque
921 3276 992 3319 cum
1020 3251 1113 3337 παρά

23 3359 45 3413 et
59 3358 243 3421 accusativo
267 3358 473 3426 eonicsnotum
487 3355 625 3435 est-sed
639 3355 671 3417 A
681 3359 741 3421 536
760 3352 899 3438 legimus
927 3348 961 3415 ἐν
984 3349 1119 3440 κονίησι,

22 3446 82 3536 παρ’
106 3447 287 3541 ἀλλήλοισι
307 3450 484 3542 τετάσθην,
508 3455 592 3519 ofiA
603 3461 663 3520 544
684 3454 722 3538 ,Ψ
732 3458 783 3519 25.
824 3451 904 3518 Eur.
925 3453 998 3518 Hel.
1026 3460 1112 3521 1673.

22 3545 106 3637 Apoll.
127 3555 189 3619 Rh.
209 3557 321 3623 A223.
344 3554 449 3620 Noun
472 3553 572 3618 XXII
591 3557 661 3619 374.
692 3551 778 3615 idem
809 3550 849 3615 de
880 3553 981 3616 verbo
1011 3548 1113 3615 κλίνε-

24 3650 87 3716 ιθοι
98 3654 201 3720 valet:
212 3647 291 3739 παρ’
306 3646 485 3739 ἀλλήλοισι
498 3646 671 3716 κλινθέντε
685 3651 794 3730 Quint.
806 3650 936 3735 Smyrn.
951 3652 1031 3715 XIV
1047 3658 1113 3717 173.
1195 3689 1207 3717 ι

25 3741 155 3831 Dativum
176 3762 209 3818 at
232 3756 455 3823 accusativum
483 3754 518 3818 in
543 3774 607 3816 uno
636 3752 802 3815 enuntiato
824 3753 995 3836 usurpavit
1018 3749 1111 3814 Colu-

26 3843 78 3914 ὧτε
91 3858 227 3920 2¹7-a:
248 3844 331 3935 παρ’
355 3845 511 3933 εἰαμενὰς
525 3843 735 3934 Ἐρυμάνθου
750 3844 905 3933 Σπάρτην
920 3843 1114 3930 κεκλιμένην

28 3935 118 4034 ἒγόησε
138 3943 223 4035 παρ’
246 3944 408 4034 Εὐρώταο
430 3948 594 4038 ῥεέθροις.
643 4009 646 4013 .
672 3988 677 3993 -

69 4067 201 4123 (turtius,
217 4071 322 4113 Studien.
344 4073 386 4116 ΠΙ.
771 4116 773 4121 ,
886 4064 903 4116 4
