<?xml version="1.0" encoding="UTF-8"?>
<!DOCTYPE html PUBLIC "-//W3C//DTD XHTML 1.0 Transitional//EN"
    "http://www.w3.org/TR/xhtml1/DTD/xhtml1-transitional.dtd">
<html xmlns="http://www.w3.org/1999/xhtml" xml:lang="en" lang="en">
 <head>
  <title>
</title>
<meta http-equiv="Content-Type" content="text/html;charset=utf-8" />
  <meta name='ocr-system' content='tesseract 3.04.00' />
  <meta name='ocr-capabilities' content='ocr_page ocr_carea ocr_par ocr_line ocrx_word'/>
</head>
<body>
  <div class='ocr_page' id='page_1' title='image "./studienzurgriec03curtgoog/studienzurgriec03curtgoog_0178.png"; bbox 0 0 2836 4784; ppageno 0'>
   <div class='ocr_carea' id='block_1_1' title="bbox 505 348 1253 419">
    <p class='ocr_par' dir='ltr' id='par_1_1' title="bbox 505 348 1253 419">
     <span class='ocr_line' id='line_1_1' title="bbox 505 348 1253 419; baseline 0.013 -17"><span class='ocrx_word' id='word_1_1' title='bbox 505 348 539 403; x_wconf 86' lang='lat' dir='ltr'><strong>de</strong></span> <span class='ocrx_word' id='word_1_2' title='bbox 557 348 714 404; x_wconf 84' lang='lat' dir='ltr'><strong>nominibus</strong></span> <span class='ocrx_word' id='word_1_3' title='bbox 730 348 856 419; x_wconf 84' lang='lat' dir='ltr'><strong>propriis.</strong></span> <span class='ocrx_word' id='word_1_4' title='bbox 1195 351 1253 417; x_wconf 78' lang='lat'><strong>159</strong></span> 
     </span>
    </p>
   </div>
   <div class='ocr_carea' id='block_1_2' title="bbox 119 504 1340 3294">
    <p class='ocr_par' dir='ltr' id='par_1_2' title="bbox 119 504 1340 3294">
     <span class='ocr_line' id='line_1_2' title="bbox 119 504 1254 603; baseline 0.004 -30"><span class='ocrx_word' id='word_1_5' title='bbox 119 504 143 603; x_wconf 25' lang='lat'><strong>1&#39;</strong></span> <span class='ocrx_word' id='word_1_6' title='bbox 183 516 210 587; x_wconf 82' lang='lat' dir='ltr'><strong>tv.</strong></span> <span class='ocrx_word' id='word_1_7' title='bbox 228 511 283 579; x_wconf 84' lang='lat' dir='ltr'><strong>Ter.</strong></span> <span class='ocrx_word' id='word_1_8' title='bbox 307 513 446 603; x_wconf 87' lang='lat' dir='ltr'><strong>Adelph.</strong></span> <span class='ocrx_word' id='word_1_9' title='bbox 470 524 505 600; x_wconf 88' lang='grc'><strong>4,</strong></span> <span class='ocrx_word' id='word_1_10' title='bbox 525 523 560 600; x_wconf 89' lang='lat'><strong>8,</strong></span> <span class='ocrx_word' id='word_1_11' title='bbox 583 523 637 602; x_wconf 84' lang='lat'><strong>38,</strong></span> <span class='ocrx_word' id='word_1_12' title='bbox 672 516 778 583; x_wconf 80' lang='lat' dir='ltr'><strong>Plaut</strong></span> <span class='ocrx_word' id='word_1_13' title='bbox 803 516 893 581; x_wconf 88' lang='lat' dir='ltr'><strong>Pers.</strong></span> <span class='ocrx_word' id='word_1_14' title='bbox 916 521 950 599; x_wconf 87' lang='lat'><strong>5,</strong></span> <span class='ocrx_word' id='word_1_15' title='bbox 975 522 1005 598; x_wconf 88' lang='lat' dir='ltr'><strong>l,</strong></span> <span class='ocrx_word' id='word_1_16' title='bbox 1028 518 1077 597; x_wconf 85' lang='lat'><strong>8),</strong></span> <span class='ocrx_word' id='word_1_17' title='bbox 1112 513 1254 601; x_wconf 65' lang='lat' dir='ltr'><strong>proauus</strong></span> 
     </span>
     <span class='ocr_line' id='line_1_3' title="bbox 181 609 1252 701; baseline 0.004 -27"><span class='ocrx_word' id='word_1_18' title='bbox 181 622 207 686; x_wconf 85' lang='lat' dir='ltr'><strong>tv.</strong></span> <span class='ocrx_word' id='word_1_19' title='bbox 221 609 306 678; x_wconf 87' lang='lat' dir='ltr'><strong>Lucil.</strong></span> <span class='ocrx_word' id='word_1_20' title='bbox 333 637 386 701; x_wconf 88' lang='lat' dir='ltr'><strong>ap.</strong></span> <span class='ocrx_word' id='word_1_21' title='bbox 409 616 490 681; x_wconf 89' lang='lat' dir='ltr'><strong>Non.</strong></span> <span class='ocrx_word' id='word_1_22' title='bbox 512 623 540 698; x_wconf 86' lang='lat'><strong>8,</strong></span> <span class='ocrx_word' id='word_1_23' title='bbox 565 623 604 686; x_wconf 83' lang='grc'><strong>48</strong></span> <span class='ocrx_word' id='word_1_24' title='bbox 611 667 620 699; x_wconf 92' lang='grc'>,</span> <span class='ocrx_word' id='word_1_25' title='bbox 654 616 727 682; x_wconf 85' lang='lat' dir='ltr'>Ter.</span> <span class='ocrx_word' id='word_1_26' title='bbox 750 616 833 681; x_wconf 87' lang='lat' dir='ltr'><strong>Eun.</strong></span> <span class='ocrx_word' id='word_1_27' title='bbox 855 621 883 698; x_wconf 81' lang='lat'><strong>2,</strong></span> <span class='ocrx_word' id='word_1_28' title='bbox 907 621 935 697; x_wconf 90' lang='lat'><strong>3,</strong></span> <span class='ocrx_word' id='word_1_29' title='bbox 957 619 1025 696; x_wconf 79' lang='lat'><strong>22),</strong></span> <span class='ocrx_word' id='word_1_30' title='bbox 1054 613 1181 677; x_wconf 67' lang='lat' dir='ltr'><strong>stantun</strong></span> <span class='ocrx_word' id='word_1_31' title='bbox 1209 619 1252 699; x_wconf 73' lang='lat' dir='ltr'><strong>(v.</strong></span> 
     </span>
     <span class='ocr_line' id='line_1_4' title="bbox 180 709 1252 804; baseline 0.004 -31"><span class='ocrx_word' id='word_1_32' title='bbox 180 709 259 794; x_wconf 59' lang='lat' dir='ltr'><strong>lest),</strong></span> <span class='ocrx_word' id='word_1_33' title='bbox 291 711 478 799; x_wconf 59' lang='lat' dir='ltr'><strong>cannatas,</strong></span> <span class='ocrx_word' id='word_1_34' title='bbox 511 715 653 800; x_wconf 82' lang='lat' dir='ltr'>similes,</span> <span class='ocrx_word' id='word_1_35' title='bbox 683 738 763 804; x_wconf 87' lang='lat' dir='ltr'><strong>quas</strong></span> <span class='ocrx_word' id='word_1_36' title='bbox 791 737 883 780; x_wconf 90' lang='lat' dir='ltr'><strong>nemo</strong></span> <span class='ocrx_word' id='word_1_37' title='bbox 911 715 971 778; x_wconf 89' lang='lat' dir='ltr'><strong>erit</strong></span> <span class='ocrx_word' id='word_1_38' title='bbox 997 714 1074 802; x_wconf 90' lang='lat' dir='ltr'><strong>quin</strong></span> <span class='ocrx_word' id='word_1_39' title='bbox 1096 711 1252 778; x_wconf 88' lang='lat' dir='ltr'><strong>concedat</strong></span> 
     </span>
     <span class='ocr_line' id='line_1_5' title="bbox 119 803 1252 905; baseline 0.001 -31"><span class='ocrx_word' id='word_1_40' title='bbox 119 836 121 841; x_wconf 94' lang='lat'>·</span> <span class='ocrx_word' id='word_1_41' title='bbox 179 812 338 898; x_wconf 73' lang='lat' dir='ltr'><strong>antiquiores</strong></span> <span class='ocrx_word' id='word_1_42' title='bbox 357 836 432 885; x_wconf 84' lang='lat' dir='ltr'><strong>¹esse</strong></span> <span class='ocrx_word' id='word_1_43' title='bbox 455 837 550 900; x_wconf 87' lang='lat' dir='ltr'><strong>quam</strong></span> <span class='ocrx_word' id='word_1_44' title='bbox 572 816 807 905; x_wconf 89' lang='lat' dir='ltr'><strong>frequentiores</strong></span> <span class='ocrx_word' id='word_1_45' title='bbox 827 817 860 879; x_wconf 92' lang='lat' dir='ltr'><strong>in</strong></span> <span class='ocrx_word' id='word_1_46' title='bbox 889 803 1110 895; x_wconf 66' lang='lat' dir='ltr'><strong>isexcuntes,</strong></span> <span class='ocrx_word' id='word_1_47' title='bbox 1137 811 1179 876; x_wconf 85' lang='lat' dir='ltr'><strong>ab</strong></span> <span class='ocrx_word' id='word_1_48' title='bbox 1201 811 1252 876; x_wconf 89' lang='lat' dir='ltr'><strong>his</strong></span> 
     </span>
     <span class='ocr_line' id='line_1_6' title="bbox 175 910 1253 1006; baseline 0.003 -34"><span class='ocrx_word' id='word_1_49' title='bbox 175 918 264 974; x_wconf 83' lang='lat' dir='ltr'><strong>tanturn</strong></span> <span class='ocrx_word' id='word_1_50' title='bbox 297 910 525 991; x_wconf 75' lang='lat' dir='ltr'>declinatione,</span> <span class='ocrx_word' id='word_1_51' title='bbox 565 938 630 981; x_wconf 92' lang='lat' dir='ltr'><strong>non</strong></span> <span class='ocrx_word' id='word_1_52' title='bbox 661 917 790 980; x_wconf 88' lang='lat' dir='ltr'><strong>notione</strong></span> <span class='ocrx_word' id='word_1_53' title='bbox 826 911 1024 979; x_wconf 80' lang='lat' dir='ltr'><strong>abhorrere?</strong></span> <span class='ocrx_word' id='word_1_54' title='bbox 1062 947 1112 1006; x_wconf 59' lang='lat'><strong>-—</strong></span> <span class='ocrx_word' id='word_1_55' title='bbox 1132 911 1253 976; x_wconf 86' lang='lat' dir='ltr'><strong>formas</strong></span> 
     </span>
     <span class='ocr_line' id='line_1_7' title="bbox 170 1002 1254 1103; baseline 0.004 -30"><span class='ocrx_word' id='word_1_56' title='bbox 170 1009 279 1092; x_wconf 65' lang='lat' dir='ltr'><strong>qualus</strong></span> <span class='ocrx_word' id='word_1_57' title='bbox 298 1020 329 1074; x_wconf 89' lang='lat' dir='ltr'><strong>et</strong></span> <span class='ocrx_word' id='word_1_58' title='bbox 347 1013 489 1098; x_wconf 62' lang='lat' dir='ltr'><strong>praesta,</strong></span> <span class='ocrx_word' id='word_1_59' title='bbox 512 1014 602 1080; x_wconf 90' lang='lat' dir='ltr'><strong>illam</strong></span> <span class='ocrx_word' id='word_1_60' title='bbox 622 1015 748 1103; x_wconf 91' lang='lat' dir='ltr'><strong>adjecto</strong></span> <span class='ocrx_word' id='word_1_61' title='bbox 766 1002 815 1098; x_wconf 58' lang='lat' dir='ltr'><strong>lo]</strong></span> <span class='ocrx_word' id='word_1_62' title='bbox 832 1014 916 1078; x_wconf 89' lang='lat' dir='ltr'><strong>hanc</strong></span> <span class='ocrx_word' id='word_1_63' title='bbox 932 1012 1059 1099; x_wconf 90' lang='lat' dir='ltr'><strong>adjecto</strong></span> <span class='ocrx_word' id='word_1_64' title='bbox 1081 1011 1105 1076; x_wconf 91' lang='lat' dir='ltr'><strong>li</strong></span> <span class='ocrx_word' id='word_1_65' title='bbox 1127 1011 1254 1088; x_wconf 75' lang='lat' dir='ltr'><strong>suffiae,</strong></span> 
     </span>
     <span class='ocr_line' id='line_1_8' title="bbox 172 1110 1255 1203; baseline 0.003 -32"><span class='ocrx_word' id='word_1_66' title='bbox 172 1129 274 1193; x_wconf 92' lang='lat' dir='ltr'><strong>quorum</strong></span> <span class='ocrx_word' id='word_1_67' title='bbox 308 1110 446 1176; x_wconf 85' lang='lat' dir='ltr'><strong>alterum</strong></span> <span class='ocrx_word' id='word_1_68' title='bbox 478 1113 571 1179; x_wconf 90' lang='lat' dir='ltr'><strong>alteri</strong></span> <span class='ocrx_word' id='word_1_69' title='bbox 602 1124 632 1178; x_wconf 91' lang='lat' dir='ltr'><strong>et</strong></span> <span class='ocrx_word' id='word_1_70' title='bbox 667 1122 827 1179; x_wconf 90' lang='lat' dir='ltr'><strong>vetustate</strong></span> <span class='ocrx_word' id='word_1_71' title='bbox 858 1122 889 1177; x_wconf 90' lang='lat' dir='ltr'><strong>et</strong></span> <span class='ocrx_word' id='word_1_72' title='bbox 916 1113 1044 1180; x_wconf 87' lang='lat' dir='ltr'><strong>notione</strong></span> <span class='ocrx_word' id='word_1_73' title='bbox 1066 1134 1126 1198; x_wconf 88' lang='lat' dir='ltr'><strong>par</strong></span> <span class='ocrx_word' id='word_1_74' title='bbox 1158 1118 1255 1203; x_wconf 42' lang='lat'><strong>⁸⁸2&amp;</strong></span> 
     </span>
     <span class='ocr_line' id='line_1_9' title="bbox 170 1209 1253 1304; baseline 0.003 -33"><span class='ocrx_word' id='word_1_75' title='bbox 170 1209 350 1304; x_wconf 64' lang='lat' dir='ltr'><strong>nates-esse?</strong></span> <span class='ocrx_word' id='word_1_76' title='bbox 374 1215 566 1297; x_wconf 81' lang='lat' dir='ltr'><strong>praesertim</strong></span> <span class='ocrx_word' id='word_1_77' title='bbox 590 1236 686 1298; x_wconf 90' lang='lat' dir='ltr'><strong>quum</strong></span> <span class='ocrx_word' id='word_1_78' title='bbox 707 1214 815 1299; x_wconf 92' lang='lat' dir='ltr'><strong>potius</strong></span> <span class='ocrx_word' id='word_1_79' title='bbox 838 1221 1115 1298; x_wconf 78' lang='lat' dir='ltr'><strong>exspectaremus,</strong></span> <span class='ocrx_word' id='word_1_80' title='bbox 1139 1210 1167 1274; x_wconf 89' lang='lat' dir='ltr'><strong>si</strong></span> <span class='ocrx_word' id='word_1_81' title='bbox 1188 1213 1253 1274; x_wconf 86' lang='lat' dir='ltr'><strong>aris</strong></span> 
     </span>
     <span class='ocr_line' id='line_1_10' title="bbox 169 1299 1254 1395; baseline 0.006 -29"><span class='ocrx_word' id='word_1_82' title='bbox 169 1305 207 1370; x_wconf 88' lang='lat' dir='ltr'><strong>vel</strong></span> <span class='ocrx_word' id='word_1_83' title='bbox 224 1331 288 1375; x_wconf 87' lang='lat' dir='ltr'><strong>ares</strong></span> <span class='ocrx_word' id='word_1_84' title='bbox 308 1311 471 1394; x_wconf 80' lang='lat' dir='ltr'>antiquior</span> <span class='ocrx_word' id='word_1_85' title='bbox 485 1324 571 1379; x_wconf 88' lang='lat' dir='ltr'><strong>esset</strong></span> <span class='ocrx_word' id='word_1_86' title='bbox 592 1313 787 1395; x_wconf 89' lang='lat' dir='ltr'><strong>terminatio,</strong></span> <span class='ocrx_word' id='word_1_87' title='bbox 808 1334 867 1376; x_wconf 91' lang='lat' dir='ltr'><strong>nos</strong></span> <span class='ocrx_word' id='word_1_88' title='bbox 889 1311 1010 1377; x_wconf 89' lang='lat' dir='ltr'><strong>formas</strong></span> <span class='ocrx_word' id='word_1_89' title='bbox 1031 1311 1066 1374; x_wconf 90' lang='lat' dir='ltr'><strong>in</strong></span> <span class='ocrx_word' id='word_1_90' title='bbox 1086 1299 1123 1376; x_wconf 62' lang='lat' dir='ltr'><strong>is</strong></span> <span class='ocrx_word' id='word_1_91' title='bbox 1137 1331 1254 1375; x_wconf 87' lang='lat' dir='ltr'><strong>exeun-</strong></span> 
     </span>
     <span class='ocr_line' id='line_1_11' title="bbox 168 1409 1340 1500; baseline 0.007 -30"><span class='ocrx_word' id='word_1_92' title='bbox 168 1413 206 1476; x_wconf 81' lang='lat' dir='ltr'><strong>tu</strong></span> <span class='ocrx_word' id='word_1_93' title='bbox 220 1409 356 1494; x_wconf 89' lang='lat' dir='ltr'><strong>reperire</strong></span> <span class='ocrx_word' id='word_1_94' title='bbox 378 1421 551 1498; x_wconf 84' lang='lat' dir='ltr'><strong>usurpatas</strong></span> <span class='ocrx_word' id='word_1_95' title='bbox 583 1412 624 1479; x_wconf 87' lang='lat' dir='ltr'><strong>ab</strong></span> <span class='ocrx_word' id='word_1_96' title='bbox 653 1413 903 1500; x_wconf 80' lang='lat' dir='ltr'><strong>antiquissimis,</strong></span> <span class='ocrx_word' id='word_1_97' title='bbox 932 1435 994 1477; x_wconf 89' lang='lat' dir='ltr'><strong>nou</strong></span> <span class='ocrx_word' id='word_1_98' title='bbox 1019 1434 1038 1474; x_wconf 90' lang='lat' dir='ltr'><strong>a</strong></span> <span class='ocrx_word' id='word_1_99' title='bbox 1060 1411 1256 1476; x_wconf 87' lang='lat' dir='ltr'><strong>novissimis.</strong></span> <span class='ocrx_word' id='word_1_100' title='bbox 1336 1470 1340 1478; x_wconf 90' lang='lat'><strong>.</strong></span> 
     </span>
     <span class='ocr_line' id='line_1_12' title="bbox 165 1499 1255 1598; baseline 0.006 -29"><span class='ocrx_word' id='word_1_101' title='bbox 165 1499 255 1594; x_wconf 84' lang='lat' dir='ltr'><strong>Itaque</strong></span> <span class='ocrx_word' id='word_1_102' title='bbox 275 1507 315 1573; x_wconf 90' lang='lat' dir='ltr'><strong>de</strong></span> <span class='ocrx_word' id='word_1_103' title='bbox 336 1507 386 1573; x_wconf 88' lang='lat' dir='ltr'><strong>his</strong></span> <span class='ocrx_word' id='word_1_104' title='bbox 409 1508 592 1596; x_wconf 79' lang='lat' dir='ltr'><strong>adjectivis,</strong></span> <span class='ocrx_word' id='word_1_105' title='bbox 616 1521 648 1577; x_wconf 88' lang='lat' dir='ltr'><strong>et</strong></span> <span class='ocrx_word' id='word_1_106' title='bbox 669 1533 752 1598; x_wconf 91' lang='lat' dir='ltr'><strong>quae</strong></span> <span class='ocrx_word' id='word_1_107' title='bbox 773 1512 807 1575; x_wconf 92' lang='lat' dir='ltr'><strong>in</strong></span> <span class='ocrx_word' id='word_1_108' title='bbox 824 1500 923 1577; x_wconf 52' lang='lat' dir='ltr'><strong>arun—s</strong></span> <span class='ocrx_word' id='word_1_109' title='bbox 954 1500 1025 1579; x_wconf 71' lang='lat' dir='ltr'><strong>aris</strong></span> <span class='ocrx_word' id='word_1_110' title='bbox 1043 1513 1255 1575; x_wconf 87' lang='lat' dir='ltr'><strong>terminantur</strong></span> 
     </span>
     <span class='ocr_line' id='line_1_13' title="bbox 168 1597 1255 1698; baseline 0.005 -31"><span class='ocrx_word' id='word_1_111' title='bbox 168 1611 193 1667; x_wconf 88' lang='lat' dir='ltr'><strong>et</strong></span> <span class='ocrx_word' id='word_1_112' title='bbox 206 1627 277 1692; x_wconf 90' lang='lat' dir='ltr'><strong>quae</strong></span> <span class='ocrx_word' id='word_1_113' title='bbox 297 1608 350 1674; x_wconf 88' lang='lat' dir='ltr'><strong>vel</strong></span> <span class='ocrx_word' id='word_1_114' title='bbox 382 1612 415 1673; x_wconf 92' lang='lat' dir='ltr'><strong>in</strong></span> <span class='ocrx_word' id='word_1_115' title='bbox 432 1597 486 1675; x_wconf 62' lang='lat' dir='ltr'><strong>Hs</strong></span> <span class='ocrx_word' id='word_1_116' title='bbox 509 1610 562 1676; x_wconf 93' lang='lat' dir='ltr'><strong>vel</strong></span> <span class='ocrx_word' id='word_1_117' title='bbox 588 1613 623 1675; x_wconf 91' lang='lat' dir='ltr'><strong>in</strong></span> <span class='ocrx_word' id='word_1_118' title='bbox 650 1600 698 1676; x_wconf 69' lang='grc' dir='ltr'>Πέ</span> <span class='ocrx_word' id='word_1_119' title='bbox 723 1622 858 1695; x_wconf 85' lang='lat' dir='ltr'><strong>exeunt,</strong></span> <span class='ocrx_word' id='word_1_120' title='bbox 892 1635 956 1677; x_wconf 92' lang='lat' dir='ltr'><strong>non</strong></span> <span class='ocrx_word' id='word_1_121' title='bbox 984 1633 1117 1698; x_wconf 88' lang='lat' dir='ltr'><strong>possum</strong></span> <span class='ocrx_word' id='word_1_122' title='bbox 1147 1609 1255 1673; x_wconf 86' lang='lat' dir='ltr'><strong>facere</strong></span> 
     </span>
     <span class='ocr_line' id='line_1_14' title="bbox 167 1705 1255 1798; baseline 0.002 -29"><span class='ocrx_word' id='word_1_123' title='bbox 167 1705 226 1788; x_wconf 87' lang='lat' dir='ltr'><strong>quin</strong></span> <span class='ocrx_word' id='word_1_124' title='bbox 238 1707 413 1794; x_wconf 88' lang='lat' dir='ltr'><strong>amplectar</strong></span> <span class='ocrx_word' id='word_1_125' title='bbox 429 1709 534 1777; x_wconf 79' lang='lat' dir='ltr'><strong>Curtii</strong></span> <span class='ocrx_word' id='word_1_126' title='bbox 552 1712 699 1798; x_wconf 80' lang='lat' dir='ltr'><strong>magistri</strong></span> <span class='ocrx_word' id='word_1_127' title='bbox 716 1733 838 1776; x_wconf 89' lang='lat' dir='ltr'><strong>summe</strong></span> <span class='ocrx_word' id='word_1_128' title='bbox 860 1709 1031 1775; x_wconf 89' lang='lat' dir='ltr'><strong>reverendi</strong></span> <span class='ocrx_word' id='word_1_129' title='bbox 1053 1710 1255 1789; x_wconf 86' lang='lat' dir='ltr'><strong>sententiam,</strong></span> 
     </span>
     <span class='ocr_line' id='line_1_15' title="bbox 167 1806 1256 1898; baseline 0 -27"><span class='ocrx_word' id='word_1_130' title='bbox 167 1822 241 1887; x_wconf 82' lang='lat' dir='ltr'><strong>quam</strong></span> <span class='ocrx_word' id='word_1_131' title='bbox 260 1806 407 1893; x_wconf 87' lang='lat' dir='ltr'><strong>prodidit</strong></span> <span class='ocrx_word' id='word_1_132' title='bbox 436 1809 469 1872; x_wconf 90' lang='lat' dir='ltr'><strong>in</strong></span> <span class='ocrx_word' id='word_1_133' title='bbox 492 1820 733 1896; x_wconf 84' lang='lat' dir='ltr'><strong>programmate</strong></span> <span class='ocrx_word' id='word_1_134' title='bbox 756 1812 827 1898; x_wconf 93' lang='lat' dir='ltr'><strong>jam</strong></span> <span class='ocrx_word' id='word_1_135' title='bbox 849 1809 980 1875; x_wconf 86' lang='lat' dir='ltr'><strong>laudato</strong></span> <span class='ocrx_word' id='word_1_136' title='bbox 1014 1809 1054 1874; x_wconf 92' lang='lat' dir='ltr'><strong>de</strong></span> <span class='ocrx_word' id='word_1_137' title='bbox 1085 1807 1256 1895; x_wconf 77' lang='lat' dir='ltr'><strong>adjectivis</strong></span> 
     </span>
     <span class='ocr_line' id='line_1_16' title="bbox 169 1897 1257 1998; baseline 0.003 -30"><span class='ocrx_word' id='word_1_138' title='bbox 169 1897 279 1973; x_wconf 82' lang='lat' dir='ltr'><strong>Graecis</strong></span> <span class='ocrx_word' id='word_1_139' title='bbox 301 1917 332 1971; x_wconf 90' lang='lat' dir='ltr'><strong>et</strong></span> <span class='ocrx_word' id='word_1_140' title='bbox 354 1907 481 1974; x_wconf 90' lang='lat' dir='ltr'><strong>Latinis</strong></span> <span class='ocrx_word' id='word_1_141' title='bbox 510 1909 691 1980; x_wconf 86' lang='lat' dir='ltr'><strong>Llitterae</strong></span> <span class='ocrx_word' id='word_1_142' title='bbox 719 1933 780 1998; x_wconf 90' lang='lat' dir='ltr'><strong>ope</strong></span> <span class='ocrx_word' id='word_1_143' title='bbox 808 1910 955 1974; x_wconf 86' lang='lat' dir='ltr'><strong>formatis</strong></span> <span class='ocrx_word' id='word_1_144' title='bbox 983 1932 1013 1995; x_wconf 89' lang='lat' dir='ltr'><strong>p.</strong></span> <span class='ocrx_word' id='word_1_145' title='bbox 1037 1912 1054 1973; x_wconf 90' lang='lat'>8</span> <span class='ocrx_word' id='word_1_146' title='bbox 1078 1931 1146 1993; x_wconf 88' lang='lat' dir='ltr'><strong>sqq.</strong></span> <span class='ocrx_word' id='word_1_147' title='bbox 1190 1906 1257 1971; x_wconf 90' lang='lat' dir='ltr'><strong>Ubi</strong></span> 
     </span>
     <span class='ocr_line' id='line_1_17' title="bbox 167 2006 1257 2096; baseline 0.004 -30"><span class='ocrx_word' id='word_1_148' title='bbox 167 2013 310 2095; x_wconf 84' lang='lat' dir='ltr'><strong>postquam</strong></span> <span class='ocrx_word' id='word_1_149' title='bbox 333 2006 456 2072; x_wconf 81' lang='lat' dir='ltr'><strong>docuit:</strong></span> <span class='ocrx_word' id='word_1_150' title='bbox 480 2009 754 2096; x_wconf 80' lang='lat' dir='ltr'><strong>simplicissimam</strong></span> <span class='ocrx_word' id='word_1_151' title='bbox 775 2019 807 2075; x_wconf 88' lang='lat' dir='ltr'><strong>et</strong></span> <span class='ocrx_word' id='word_1_152' title='bbox 828 2009 870 2076; x_wconf 93' lang='lat' dir='ltr'><strong>ob</strong></span> <span class='ocrx_word' id='word_1_153' title='bbox 892 2032 962 2074; x_wconf 89' lang='lat' dir='ltr'><strong>eam</strong></span> <span class='ocrx_word' id='word_1_154' title='bbox 985 2031 1116 2072; x_wconf 89' lang='lat' dir='ltr'><strong>causam</strong></span> <span class='ocrx_word' id='word_1_155' title='bbox 1139 2007 1257 2093; x_wconf 86' lang='lat' dir='ltr'><strong>princi·</strong></span> 
     </span>
     <span class='ocr_line' id='line_1_18' title="bbox 167 2098 1257 2194; baseline 0.002 -27"><span class='ocrx_word' id='word_1_156' title='bbox 167 2101 249 2194; x_wconf 64' lang='lat' dir='ltr'><strong>palem</strong></span> <span class='ocrx_word' id='word_1_157' title='bbox 263 2106 402 2172; x_wconf 89' lang='lat' dir='ltr'><strong>formam</strong></span> <span class='ocrx_word' id='word_1_158' title='bbox 427 2109 688 2175; x_wconf 89' lang='lat' dir='ltr'><strong>terminationum</strong></span> <span class='ocrx_word' id='word_1_159' title='bbox 703 2098 754 2176; x_wconf 55' lang='lat' dir='ltr'><strong>hu]</strong></span> <span class='ocrx_word' id='word_1_160' title='bbox 768 2119 799 2176; x_wconf 83' lang='lat' dir='ltr'><strong>et</strong></span> <span class='ocrx_word' id='word_1_161' title='bbox 814 2112 854 2175; x_wconf 93' lang='lat' dir='ltr'><strong>lis</strong></span> <span class='ocrx_word' id='word_1_162' title='bbox 871 2132 942 2175; x_wconf 88' lang='lat' dir='ltr'><strong>esse</strong></span> <span class='ocrx_word' id='word_1_163' title='bbox 954 2098 1001 2191; x_wconf 78' lang='lat' dir='ltr'><strong>lo,</strong></span> <span class='ocrx_word' id='word_1_164' title='bbox 1024 2105 1257 2171; x_wconf 83' lang='lat' dir='ltr'><strong>Senseriticam</strong></span> 
     </span>
     <span class='ocr_line' id='line_1_19' title="bbox 167 2194 1256 2297; baseline -0.001 -27"><span class='ocrx_word' id='word_1_165' title='bbox 167 2194 198 2283; x_wconf 73' lang='lat' dir='ltr'><strong>lt,</strong></span> <span class='ocrx_word' id='word_1_166' title='bbox 213 2241 247 2251; x_wconf 88' lang='lat'><strong>-·</strong></span> <span class='ocrx_word' id='word_1_167' title='bbox 267 2207 359 2293; x_wconf 86' lang='lat' dir='ltr'><strong>cujus</strong></span> <span class='ocrx_word' id='word_1_168' title='bbox 382 2207 492 2272; x_wconf 84' lang='lat' dir='ltr'><strong>suffixi</strong></span> <span class='ocrx_word' id='word_1_169' title='bbox 514 2232 575 2295; x_wconf 92' lang='lat' dir='ltr'><strong>ope</strong></span> <span class='ocrx_word' id='word_1_170' title='bbox 596 2210 735 2276; x_wconf 87' lang='lat' dir='ltr'><strong>formata</strong></span> <span class='ocrx_word' id='word_1_171' title='bbox 757 2219 839 2291; x_wconf 90' lang='lat' dir='ltr'><strong>sunt,</strong></span> <span class='ocrx_word' id='word_1_172' title='bbox 862 2232 944 2297; x_wconf 90' lang='lat' dir='ltr'><strong>quae</strong></span> <span class='ocrx_word' id='word_1_173' title='bbox 966 2229 1065 2294; x_wconf 89' lang='lat' dir='ltr'><strong>supra</strong></span> <span class='ocrx_word' id='word_1_174' title='bbox 1081 2204 1256 2289; x_wconf 86' lang='lat' dir='ltr'><strong>attulimus,</strong></span> 
     </span>
     <span class='ocr_line' id='line_1_20' title="bbox 168 2295 1257 2393; baseline 0.001 -25"><span class='ocrx_word' id='word_1_175' title='bbox 168 2295 264 2370; x_wconf 66' lang='lat' dir='ltr'><strong>libros</strong></span> <span class='ocrx_word' id='word_1_176' title='bbox 280 2305 424 2393; x_wconf 73' lang='lat' dir='ltr'><strong>procilos</strong></span> <span class='ocrx_word' id='word_1_177' title='bbox 445 2307 574 2372; x_wconf 75' lang='lat' dir='ltr'><strong>etardus</strong></span> <span class='ocrx_word' id='word_1_178' title='bbox 594 2309 777 2393; x_wconf 74' lang='lat' dir='ltr'><strong>imbecillus,</strong></span> <span class='ocrx_word' id='word_1_179' title='bbox 792 2348 832 2357; x_wconf 93' lang='lat'>—</span> <span class='ocrx_word' id='word_1_180' title='bbox 854 2309 963 2374; x_wconf 88' lang='lat' dir='ltr'><strong>multis</strong></span> <span class='ocrx_word' id='word_1_181' title='bbox 987 2305 1128 2372; x_wconf 89' lang='lat' dir='ltr'><strong>ostendit</strong></span> <span class='ocrx_word' id='word_1_182' title='bbox 1150 2327 1257 2371; x_wconf 87' lang='lat' dir='ltr'><strong>exem·</strong></span> 
     </span>
     <span class='ocr_line' id='line_1_21' title="bbox 170 2397 1255 2495; baseline 0 -27"><span class='ocrx_word' id='word_1_183' title='bbox 170 2397 213 2494; x_wconf 60' lang='lat' dir='ltr'><strong>qli</strong></span> <span class='ocrx_word' id='word_1_184' title='bbox 230 2428 325 2493; x_wconf 87' lang='lat' dir='ltr'><strong>saepe</strong></span> <span class='ocrx_word' id='word_1_185' title='bbox 347 2407 380 2470; x_wconf 92' lang='lat' dir='ltr'><strong>in</strong></span> <span class='ocrx_word' id='word_1_186' title='bbox 394 2405 532 2491; x_wconf 80' lang='lat' dir='ltr'><strong>Graeca,</strong></span> <span class='ocrx_word' id='word_1_187' title='bbox 553 2408 663 2495; x_wconf 88' lang='lat' dir='ltr'><strong>paullo</strong></span> <span class='ocrx_word' id='word_1_188' title='bbox 677 2413 783 2475; x_wconf 89' lang='lat' dir='ltr'><strong>rarius</strong></span> <span class='ocrx_word' id='word_1_189' title='bbox 805 2410 838 2474; x_wconf 90' lang='lat' dir='ltr'><strong>in</strong></span> <span class='ocrx_word' id='word_1_190' title='bbox 853 2409 972 2474; x_wconf 84' lang='lat' dir='ltr'><strong>Latina</strong></span> <span class='ocrx_word' id='word_1_191' title='bbox 993 2407 1105 2491; x_wconf 83' lang='lat' dir='ltr'><strong>lingua</strong></span> <span class='ocrx_word' id='word_1_192' title='bbox 1121 2403 1255 2491; x_wconf 88' lang='lat' dir='ltr'><strong>syllabis</strong></span> 
     </span>
     <span class='ocr_line' id='line_1_22' title="bbox 171 2496 1257 2597; baseline 0.001 -30"><span class='ocrx_word' id='word_1_193' title='bbox 171 2496 191 2565; x_wconf 79' lang='lat' dir='ltr'><strong>ln</strong></span> <span class='ocrx_word' id='word_1_194' title='bbox 212 2503 249 2569; x_wconf 87' lang='lat' dir='ltr'><strong>ad</strong></span> <span class='ocrx_word' id='word_1_195' title='bbox 278 2506 411 2592; x_wconf 91' lang='lat' dir='ltr'><strong>stirpem</strong></span> <span class='ocrx_word' id='word_1_196' title='bbox 443 2507 582 2593; x_wconf 90' lang='lat' dir='ltr'><strong>aliquam</strong></span> <span class='ocrx_word' id='word_1_197' title='bbox 614 2508 805 2575; x_wconf 88' lang='lat' dir='ltr'><strong>nominalem</strong></span> <span class='ocrx_word' id='word_1_198' title='bbox 839 2509 1001 2597; x_wconf 86' lang='lat' dir='ltr'><strong>adjunctis</strong></span> <span class='ocrx_word' id='word_1_199' title='bbox 1028 2498 1148 2570; x_wconf 89' lang='lat' dir='ltr'><strong>novum</strong></span> <span class='ocrx_word' id='word_1_200' title='bbox 1174 2504 1257 2569; x_wconf 87' lang='lat' dir='ltr'><strong>effici</strong></span> 
     </span>
     <span class='ocr_line' id='line_1_23' title="bbox 162 2594 1257 2695; baseline 0.003 -29"><span class='ocrx_word' id='word_1_201' title='bbox 162 2603 332 2687; x_wconf 73' lang='lat' dir='ltr'><strong>¹vocabulum</strong></span> <span class='ocrx_word' id='word_1_202' title='bbox 353 2607 386 2670; x_wconf 90' lang='lat' dir='ltr'><strong>vi</strong></span> <span class='ocrx_word' id='word_1_203' title='bbox 409 2616 440 2671; x_wconf 89' lang='lat' dir='ltr'><strong>et</strong></span> <span class='ocrx_word' id='word_1_204' title='bbox 460 2594 563 2673; x_wconf 63' lang='lat' dir='ltr'><strong>usu&#39;a</strong></span> <span class='ocrx_word' id='word_1_205' title='bbox 584 2608 758 2695; x_wconf 90' lang='lat' dir='ltr'><strong>principali</strong></span> <span class='ocrx_word' id='word_1_206' title='bbox 782 2632 846 2674; x_wconf 93' lang='lat' dir='ltr'><strong>non</strong></span> <span class='ocrx_word' id='word_1_207' title='bbox 878 2606 1051 2673; x_wconf 89' lang='lat' dir='ltr'><strong>admodum</strong></span> <span class='ocrx_word' id='word_1_208' title='bbox 1083 2603 1257 2669; x_wconf 88' lang='lat' dir='ltr'><strong>diversum.</strong></span> 
     </span>
     <span class='ocr_line' id='line_1_24' title="bbox 167 2691 1255 2797; baseline 0.006 -35"><span class='ocrx_word' id='word_1_209' title='bbox 167 2691 401 2790; x_wconf 66' lang='lat' dir='ltr'><strong>Hissyllabisffi</strong></span> <span class='ocrx_word' id='word_1_210' title='bbox 424 2729 497 2771; x_wconf 92' lang='lat' dir='ltr'><strong>cum</strong></span> <span class='ocrx_word' id='word_1_211' title='bbox 525 2697 696 2775; x_wconf 64' lang='lat' dir='ltr'><strong>suffixoffi</strong></span> <span class='ocrx_word' id='word_1_212' title='bbox 727 2711 907 2797; x_wconf 88' lang='lat' dir='ltr'><strong>conjunctis</strong></span> <span class='ocrx_word' id='word_1_213' title='bbox 939 2707 1030 2772; x_wconf 86' lang='lat' dir='ltr'><strong>nasci</strong></span> <span class='ocrx_word' id='word_1_214' title='bbox 1068 2693 1127 2770; x_wconf 61' lang='lat' dir='ltr'><strong>lini</strong></span> <span class='ocrx_word' id='word_1_215' title='bbox 1161 2704 1255 2769; x_wconf 81' lang='lat' dir='ltr'><strong>&#39;Jam</strong></span> 
     </span>
     <span class='ocr_line' id='line_1_25' title="bbox 167 2798 1258 2893; baseline -0.001 -26"><span class='ocrx_word' id='word_1_216' title='bbox 167 2815 222 2868; x_wconf 77' lang='lat' dir='ltr'><strong>vero</strong></span> <span class='ocrx_word' id='word_1_217' title='bbox 242 2804 360 2869; x_wconf 93' lang='lat' dir='ltr'><strong>dudum</strong></span> <span class='ocrx_word' id='word_1_218' title='bbox 383 2815 533 2871; x_wconf 83' lang='lat' dir='ltr'><strong>constare</strong></span> <span class='ocrx_word' id='word_1_219' title='bbox 564 2806 707 2893; x_wconf 85' lang='lat' dir='ltr'><strong>syllabas</strong></span> <span class='ocrx_word' id='word_1_220' title='bbox 736 2798 782 2876; x_wconf 61' lang='lat' dir='ltr'><strong>io</strong></span> <span class='ocrx_word' id='word_1_221' title='bbox 791 2821 823 2876; x_wconf 89' lang='lat' dir='ltr'><strong>et</strong></span> <span class='ocrx_word' id='word_1_222' title='bbox 843 2811 875 2874; x_wconf 91' lang='lat' dir='ltr'><strong>in</strong></span> <span class='ocrx_word' id='word_1_223' title='bbox 898 2807 985 2874; x_wconf 89' lang='lat' dir='ltr'><strong>Osca</strong></span> <span class='ocrx_word' id='word_1_224' title='bbox 1012 2804 1139 2890; x_wconf 84' lang='lat' dir='ltr'><strong>lingua,</strong></span> <span class='ocrx_word' id='word_1_225' title='bbox 1169 2811 1205 2868; x_wconf 88' lang='lat' dir='ltr'><strong>ut</strong></span> <span class='ocrx_word' id='word_1_226' title='bbox 1224 2803 1258 2866; x_wconf 90' lang='lat' dir='ltr'><strong>in</strong></span> 
     </span>
     <span class='ocr_line' id='line_1_26' title="bbox 163 2892 1257 2997; baseline 0 -30"><span class='ocrx_word' id='word_1_227' title='bbox 163 2892 312 2997; x_wconf 66' lang='lat' dir='ltr'><strong>Hetrcumb</strong></span> <span class='ocrx_word' id='word_1_228' title='bbox 330 2904 449 2988; x_wconf 67' lang='lat' dir='ltr'><strong>Stenae,</strong></span> <span class='ocrx_word' id='word_1_229' title='bbox 479 2914 511 2970; x_wconf 92' lang='lat' dir='ltr'><strong>et</strong></span> <span class='ocrx_word' id='word_1_230' title='bbox 536 2907 570 2972; x_wconf 92' lang='lat' dir='ltr'><strong>in</strong></span> <span class='ocrx_word' id='word_1_231' title='bbox 589 2909 709 2974; x_wconf 90' lang='lat' dir='ltr'><strong>Latina</strong></span> <span class='ocrx_word' id='word_1_232' title='bbox 730 2910 890 2976; x_wconf 89' lang='lat' dir='ltr'><strong>interdum</strong></span> <span class='ocrx_word' id='word_1_233' title='bbox 915 2903 1151 2995; x_wconf 89' lang='lat' dir='ltr'><strong>quodammodo</strong></span> <span class='ocrx_word' id='word_1_234' title='bbox 1185 2925 1257 2968; x_wconf 91' lang='lat' dir='ltr'><strong>cou-</strong></span> 
     </span>
     <span class='ocr_line' id='line_1_27' title="bbox 165 2994 1258 3095; baseline 0 -29"><span class='ocrx_word' id='word_1_235' title='bbox 165 2999 229 3066; x_wconf 77' lang='lat' dir='ltr'><strong>trthi</strong></span> <span class='ocrx_word' id='word_1_236' title='bbox 249 3013 278 3069; x_wconf 90' lang='lat' dir='ltr'><strong>et</strong></span> <span class='ocrx_word' id='word_1_237' title='bbox 301 3006 421 3092; x_wconf 85' lang='lat' dir='ltr'><strong>corripi</strong></span> <span class='ocrx_word' id='word_1_238' title='bbox 444 3017 478 3071; x_wconf 91' lang='lat' dir='ltr'><strong>ut</strong></span> <span class='ocrx_word' id='word_1_239' title='bbox 506 2994 535 3072; x_wconf 71' lang='lat' dir='ltr'><strong>o</strong></span> <span class='ocrx_word' id='word_1_240' title='bbox 560 3006 639 3072; x_wconf 91' lang='lat' dir='ltr'><strong>illud</strong></span> <span class='ocrx_word' id='word_1_241' title='bbox 660 3032 794 3095; x_wconf 90' lang='lat' dir='ltr'><strong>prorsus</strong></span> <span class='ocrx_word' id='word_1_242' title='bbox 815 3014 1040 3089; x_wconf 86' lang='lat' dir='ltr'><strong>evanesceret;</strong></span> <span class='ocrx_word' id='word_1_243' title='bbox 1061 3005 1108 3069; x_wconf 89' lang='lat' dir='ltr'><strong>ita</strong></span> <span class='ocrx_word' id='word_1_244' title='bbox 1136 3005 1258 3068; x_wconf 89' lang='lat' dir='ltr'><strong>factum</strong></span> 
     </span>
     <span class='ocr_line' id='line_1_28' title="bbox 165 3103 1257 3199; baseline -0.003 -29"><span class='ocrx_word' id='word_1_245' title='bbox 165 3111 218 3164; x_wconf 73' lang='lat'>‘³⁸⁸0</span> <span class='ocrx_word' id='word_1_246' title='bbox 236 3103 336 3191; x_wconf 60' lang='lat' dir='ltr'><strong>moytia</strong></span> <span class='ocrx_word' id='word_1_247' title='bbox 357 3105 525 3193; x_wconf 74' lang='lat' dir='ltr'><strong>canopica,</strong></span> <span class='ocrx_word' id='word_1_248' title='bbox 540 3105 615 3192; x_wconf 79' lang='lat' dir='ltr'><strong>pria</strong></span> <span class='ocrx_word' id='word_1_249' title='bbox 635 3109 668 3171; x_wconf 91' lang='lat' dir='ltr'><strong>in</strong></span> <span class='ocrx_word' id='word_1_250' title='bbox 681 3109 843 3194; x_wconf 52' lang='lat' dir='ltr'><strong>patrans</strong></span> <span class='ocrx_word' id='word_1_251' title='bbox 858 3131 876 3172; x_wconf 86' lang='lat' dir='ltr'><strong>c</strong></span> <span class='ocrx_word' id='word_1_252' title='bbox 885 3107 991 3198; x_wconf 70' lang='lat' dir='ltr'><strong>pruine.</strong></span> <span class='ocrx_word' id='word_1_253' title='bbox 1018 3103 1144 3199; x_wconf 70' lang='lat' dir='ltr'><strong>Eodem</strong></span> <span class='ocrx_word' id='word_1_254' title='bbox 1157 3104 1257 3190; x_wconf 82' lang='lat' dir='ltr'><strong>igitur</strong></span> 
     </span>
     <span class='ocr_line' id='line_1_29' title="bbox 163 3196 1258 3294; baseline 0.003 -30"><span class='ocrx_word' id='word_1_255' title='bbox 163 3199 240 3266; x_wconf 81' lang='lat' dir='ltr'><strong>nodo</strong></span> <span class='ocrx_word' id='word_1_256' title='bbox 260 3213 383 3268; x_wconf 87' lang='lat' dir='ltr'><strong>certum</strong></span> <span class='ocrx_word' id='word_1_257' title='bbox 405 3227 476 3270; x_wconf 89' lang='lat' dir='ltr'><strong>esse</strong></span> <span class='ocrx_word' id='word_1_258' title='bbox 498 3229 539 3271; x_wconf 86' lang='lat' dir='ltr'><strong>ex</strong></span> <span class='ocrx_word' id='word_1_259' title='bbox 561 3209 778 3276; x_wconf 89' lang='lat' dir='ltr'><strong>vetustissimo</strong></span> <span class='ocrx_word' id='word_1_260' title='bbox 792 3196 845 3274; x_wconf 58' lang='lat' dir='ltr'><strong>&#39;ti-0</strong></span> <span class='ocrx_word' id='word_1_261' title='bbox 866 3208 937 3273; x_wconf 88' lang='lat' dir='ltr'><strong>lieri</strong></span> <span class='ocrx_word' id='word_1_262' title='bbox 957 3205 1099 3294; x_wconf 90' lang='lat' dir='ltr'><strong>potuisse</strong></span> <span class='ocrx_word' id='word_1_263' title='bbox 1117 3203 1151 3288; x_wconf 92' lang='lat' dir='ltr'><strong>li,</strong></span> <span class='ocrx_word' id='word_1_264' title='bbox 1173 3213 1205 3269; x_wconf 92' lang='lat' dir='ltr'><strong>et</strong></span> <span class='ocrx_word' id='word_1_265' title='bbox 1225 3205 1258 3268; x_wconf 92' lang='lat' dir='ltr'><strong>in</strong></span> 
     </span>
    </p>
   </div>
   <div class='ocr_carea' id='block_1_3' title="bbox 162 3293 1385 3392">
    <p class='ocr_par' dir='ltr' id='par_1_3' title="bbox 162 3293 1385 3392">
     <span class='ocr_line' id='line_1_30' title="bbox 162 3293 1385 3392; baseline 0.003 -28"><span class='ocrx_word' id='word_1_266' title='bbox 162 3300 340 3368; x_wconf 75' lang='lat' dir='ltr'><strong>nominativo</strong></span> <span class='ocrx_word' id='word_1_267' title='bbox 362 3325 380 3366; x_wconf 94' lang='lat' dir='ltr'><strong>e</strong></span> <span class='ocrx_word' id='word_1_268' title='bbox 401 3293 471 3372; x_wconf 47' lang='lat' dir='ltr'><strong>lios</strong></span> <span class='ocrx_word' id='word_1_269' title='bbox 484 3305 535 3371; x_wconf 89' lang='lat' dir='ltr'><strong>vel</strong></span> <span class='ocrx_word' id='word_1_270' title='bbox 556 3295 626 3373; x_wconf 70' lang='lat' dir='ltr'><strong>linis</strong></span> <span class='ocrx_word' id='word_1_271' title='bbox 651 3298 709 3376; x_wconf 59' lang='lat' dir='ltr'><strong>li&#39;sss</strong></span> <span class='ocrx_word' id='word_1_272' title='bbox 746 3309 838 3391; x_wconf 75' lang='lat' dir='ltr'><strong>Quae</strong></span> <span class='ocrx_word' id='word_1_273' title='bbox 861 3309 889 3375; x_wconf 90' lang='lat' dir='ltr'><strong>si</strong></span> <span class='ocrx_word' id='word_1_274' title='bbox 910 3329 989 3372; x_wconf 86' lang='lat' dir='ltr'><strong>vera</strong></span> <span class='ocrx_word' id='word_1_275' title='bbox 1012 3313 1102 3388; x_wconf 89' lang='lat' dir='ltr'><strong>sunt,</strong></span> <span class='ocrx_word' id='word_1_276' title='bbox 1127 3302 1260 3392; x_wconf 64' lang='lat' dir='ltr'><strong>praeibit</strong></span> <span class='ocrx_word' id='word_1_277' title='bbox 1356 3297 1385 3366; x_wconf 64' lang='lat' dir='ltr'><em>s</em></span> 
     </span>
    </p>
   </div>
   <div class='ocr_carea' id='block_1_4' title="bbox 148 3402 1259 4090">
    <p class='ocr_par' dir='ltr' id='par_1_4' title="bbox 148 3402 1259 4090">
     <span class='ocr_line' id='line_1_31' title="bbox 160 3402 1256 3497; baseline 0.005 -34"><span class='ocrx_word' id='word_1_278' title='bbox 160 3403 213 3461; x_wconf 79' lang='lat' dir='ltr'><strong>non</strong></span> <span class='ocrx_word' id='word_1_279' title='bbox 231 3412 276 3466; x_wconf 92' lang='lat' dir='ltr'><strong>est</strong></span> <span class='ocrx_word' id='word_1_280' title='bbox 296 3424 431 3488; x_wconf 89' lang='lat' dir='ltr'><strong>prorsus</strong></span> <span class='ocrx_word' id='word_1_281' title='bbox 461 3404 575 3471; x_wconf 89' lang='lat' dir='ltr'><strong>eadem</strong></span> <span class='ocrx_word' id='word_1_282' title='bbox 601 3407 707 3472; x_wconf 86' lang='lat' dir='ltr'><strong>forma</strong></span> <span class='ocrx_word' id='word_1_283' title='bbox 740 3418 836 3497; x_wconf 89' lang='lat' dir='ltr'><strong>atque</strong></span> <span class='ocrx_word' id='word_1_284' title='bbox 868 3406 1025 3495; x_wconf 73' lang='lat' dir='ltr'><strong>qram‘tue,</strong></span> <span class='ocrx_word' id='word_1_285' title='bbox 1058 3403 1115 3471; x_wconf 88' lang='lat' dir='ltr'><strong>sed</strong></span> <span class='ocrx_word' id='word_1_286' title='bbox 1147 3402 1256 3491; x_wconf 90' lang='lat' dir='ltr'><strong>paullo</strong></span> 
     </span>
     <span class='ocr_line' id='line_1_32' title="bbox 158 3501 1259 3595; baseline 0.004 -32"><span class='ocrx_word' id='word_1_287' title='bbox 158 3501 301 3565; x_wconf 70' lang='lat' dir='ltr'><strong>retentor</strong></span> <span class='ocrx_word' id='word_1_288' title='bbox 333 3524 351 3566; x_wconf 90' lang='lat' dir='ltr'><strong>e</strong></span> <span class='ocrx_word' id='word_1_289' title='bbox 387 3504 542 3590; x_wconf 69' lang='lat' dir='ltr'><strong>praealtus</strong></span> <span class='ocrx_word' id='word_1_290' title='bbox 575 3505 738 3591; x_wconf 90' lang='lat' dir='ltr'><strong>quondam</strong></span> <span class='ocrx_word' id='word_1_291' title='bbox 769 3517 927 3595; x_wconf 88' lang='lat' dir='ltr'><strong>correpta.</strong></span> <span class='ocrx_word' id='word_1_292' title='bbox 981 3507 1035 3572; x_wconf 84' lang='lat' dir='ltr'><strong>Sic</strong></span> <span class='ocrx_word' id='word_1_293' title='bbox 1070 3505 1194 3570; x_wconf 87' lang='lat' dir='ltr'><strong>formae</strong></span> <span class='ocrx_word' id='word_1_294' title='bbox 1227 3511 1259 3567; x_wconf 88' lang='lat' dir='ltr'><strong>et</strong></span> 
     </span>
     <span class='ocr_line' id='line_1_33' title="bbox 155 3594 1257 3693; baseline 0.003 -31"><span class='ocrx_word' id='word_1_295' title='bbox 155 3601 277 3684; x_wconf 56' lang='lat' dir='ltr'><strong>aetates,</strong></span> <span class='ocrx_word' id='word_1_296' title='bbox 299 3603 333 3665; x_wconf 92' lang='lat' dir='ltr'><strong>in</strong></span> <span class='ocrx_word' id='word_1_297' title='bbox 351 3603 467 3689; x_wconf 92' lang='lat' dir='ltr'><strong>quibus</strong></span> <span class='ocrx_word' id='word_1_298' title='bbox 483 3627 629 3691; x_wconf 89' lang='lat' dir='ltr'><strong>quaeque</strong></span> <span class='ocrx_word' id='word_1_299' title='bbox 651 3606 757 3671; x_wconf 85' lang='lat' dir='ltr'><strong>forma</strong></span> <span class='ocrx_word' id='word_1_300' title='bbox 772 3594 913 3693; x_wconf 86' lang='lat' dir='ltr'><strong>vigebat,</strong></span> <span class='ocrx_word' id='word_1_301' title='bbox 937 3607 1057 3693; x_wconf 91' lang='lat' dir='ltr'><strong>optime</strong></span> <span class='ocrx_word' id='word_1_302' title='bbox 1071 3606 1257 3684; x_wconf 81' lang='lat' dir='ltr'><strong>concinunt3</strong></span> 
     </span>
     <span class='ocr_line' id='line_1_34' title="bbox 152 3697 1256 3790; baseline 0.001 -28"><span class='ocrx_word' id='word_1_303' title='bbox 152 3697 341 3786; x_wconf 58' lang='lat' dir='ltr'><strong>antiquiores</strong></span> <span class='ocrx_word' id='word_1_304' title='bbox 375 3705 555 3790; x_wconf 86' lang='lat' dir='ltr'><strong>antiquior,</strong></span> <span class='ocrx_word' id='word_1_305' title='bbox 587 3708 783 3772; x_wconf 85' lang='lat' dir='ltr'><strong>recentiores</strong></span> <span class='ocrx_word' id='word_1_306' title='bbox 808 3708 967 3772; x_wconf 87' lang='lat' dir='ltr'><strong>recentior</strong></span> <span class='ocrx_word' id='word_1_307' title='bbox 995 3725 1123 3789; x_wconf 87' lang='lat' dir='ltr'><strong>semper</strong></span> <span class='ocrx_word' id='word_1_308' title='bbox 1151 3724 1256 3766; x_wconf 87' lang='lat' dir='ltr'><strong>sermo</strong></span> 
     </span>
     <span class='ocr_line' id='line_1_35' title="bbox 149 3795 1257 3893; baseline -0.001 -30"><span class='ocrx_word' id='word_1_309' title='bbox 149 3795 304 3893; x_wconf 59' lang='lat' dir='ltr'><strong>lrobavit.</strong></span> <span class='ocrx_word' id='word_1_310' title='bbox 347 3802 414 3868; x_wconf 92' lang='lat' dir='ltr'><strong>Nec</strong></span> <span class='ocrx_word' id='word_1_311' title='bbox 433 3813 617 3890; x_wconf 86' lang='lat' dir='ltr'><strong>repugnant</strong></span> <span class='ocrx_word' id='word_1_312' title='bbox 638 3805 713 3870; x_wconf 90' lang='lat' dir='ltr'><strong>huic</strong></span> <span class='ocrx_word' id='word_1_313' title='bbox 734 3806 988 3882; x_wconf 86' lang='lat' dir='ltr'><strong>ratiocinationi,</strong></span> <span class='ocrx_word' id='word_1_314' title='bbox 1011 3825 1093 3889; x_wconf 88' lang='lat' dir='ltr'><strong>quae</strong></span> <span class='ocrx_word' id='word_1_315' title='bbox 1112 3799 1257 3872; x_wconf 81' lang='lat' dir='ltr'><strong>Ritsche·</strong></span> 
     </span>
     <span class='ocr_line' id='line_1_36' title="bbox 148 3873 1256 3989; baseline 0 -23"><span class='ocrx_word' id='word_1_316' title='bbox 148 3873 213 3960; x_wconf 67' lang='lat' dir='ltr'><strong>ltus</strong></span> <span class='ocrx_word' id='word_1_317' title='bbox 242 3900 319 3968; x_wconf 90' lang='lat' dir='ltr'><strong>decl.</strong></span> <span class='ocrx_word' id='word_1_318' title='bbox 340 3925 372 3989; x_wconf 93' lang='lat' dir='ltr'><strong>p.</strong></span> <span class='ocrx_word' id='word_1_319' title='bbox 394 3906 434 3968; x_wconf 82' lang='lat'><strong>23</strong></span> <span class='ocrx_word' id='word_1_320' title='bbox 467 3903 506 3967; x_wconf 92' lang='lat' dir='ltr'><strong>de</strong></span> <span class='ocrx_word' id='word_1_321' title='bbox 542 3907 692 3971; x_wconf 86' lang='lat' dir='ltr'><strong>vocativo</strong></span> <span class='ocrx_word' id='word_1_322' title='bbox 725 3906 839 3978; x_wconf 87' lang='lat' dir='ltr'><strong>horum</strong></span> <span class='ocrx_word' id='word_1_323' title='bbox 872 3902 1103 3972; x_wconf 88' lang='lat' dir='ltr'><strong>vocabulorum</strong></span> <span class='ocrx_word' id='word_1_324' title='bbox 1136 3901 1256 3966; x_wconf 89' lang='lat' dir='ltr'><strong>statuit.</strong></span> 
     </span>
     <span class='ocr_line' id='line_1_37' title="bbox 150 3973 1257 4090; baseline 0 -28"><span class='ocrx_word' id='word_1_325' title='bbox 150 3973 305 4065; x_wconf 72' lang='lat' dir='ltr'><strong>Quamvis</strong></span> <span class='ocrx_word' id='word_1_326' title='bbox 334 4001 418 4068; x_wconf 90' lang='lat' dir='ltr'><strong>enim</strong></span> <span class='ocrx_word' id='word_1_327' title='bbox 450 4012 573 4070; x_wconf 90' lang='lat' dir='ltr'><strong>certum</strong></span> <span class='ocrx_word' id='word_1_328' title='bbox 599 4004 661 4081; x_wconf 86' lang='lat' dir='ltr'><strong>hoc</strong></span> <span class='ocrx_word' id='word_1_329' title='bbox 691 4007 733 4073; x_wconf 89' lang='lat' dir='ltr'><strong>sit</strong></span> <span class='ocrx_word' id='word_1_330' title='bbox 758 4008 943 4073; x_wconf 90' lang='lat' dir='ltr'><strong>vocativum</strong></span> <span class='ocrx_word' id='word_1_331' title='bbox 970 4001 1202 4090; x_wconf 72' lang='lat' dir='ltr'><strong>adjectivorum</strong></span> <span class='ocrx_word' id='word_1_332' title='bbox 1224 4002 1257 4063; x_wconf 87' lang='lat' dir='ltr'><strong>in</strong></span> 
     </span>
    </p>
   </div>
   <div class='ocr_carea' id='block_1_5' title="bbox 0 0 1424 4784">
    <p class='ocr_par' dir='ltr' id='par_1_5' title="bbox 0 0 1424 4784">
     <span class='ocr_line' id='line_1_38' title="bbox 0 0 1424 4784; baseline 0 0"><span class='ocrx_word' id='word_1_333' title='bbox 0 0 1424 4784; x_wconf 95' lang='lat' dir='ltr'><strong> </strong></span> 
     </span>
    </p>
   </div>
  </div>
 </body>
</html>
