2836 4784
532 366 566 420 de
582 366 700 422 dialecto
717 366 905 422 Locrensium.
1217 372 1279 434 277

195 533 284 618 planis
305 532 486 617 distichum,
510 536 551 601 ab
572 545 707 623 utroque
729 545 881 624 corrupte
902 535 1071 619 traditum,
1094 535 1142 601 sio
1162 533 1278 602 refecit

194 633 348 716 Porsonus3

289 725 352 814 lyci
375 752 445 816 γαρ,
470 726 506 798 εί
520 757 553 798 ιι
575 726 610 799 o'
634 726 779 822 ἠδίκηκ’,
805 730 912 801 ἐθέλον
935 727 1029 821 δίκην

290 830 405 896 δοῦναι
426 827 588 915 πρόδικον
609 830 645 900 ἕν
665 838 730 901 τῶν
750 829 858 920 φίλων
877 836 942 901 τῶν
961 834 1029 899 σῶν
1052 825 1112 898 ἑνί.

192 923 247 1016 δίκη
266 925 425 1016 πρόδικος
452 935 551 1020 igitur
580 937 698 1002 dicitur
722 961 792 1003 esse
809 937 968 1026 judicium
991 934 1034 1000 ab
1057 933 1181 1000 arbitro
1203 933 1278 999 red·

191 1030 283 1114 ditum3
310 1033 367 1099 scd
388 1033 423 1099 id
442 1058 506 1100 non
527 1037 666 1122 quadrat
687 1040 721 1103 in
739 1047 884 1104 nostrum
905 1036 1049 1113 titulum,
1078 1033 1135 1100 ubi
1157 1032 1277 1099 diserte

190 1130 294 1198 additur
316 1129 448 1223 ποιοὺς.
463 1132 669 1221 δικαστῆρας.
706 1130 809 1202 Λίκαι
831 1129 990 1219 πρόδικοι
1011 1137 1046 1200 in
1069 1133 1198 1200 decreto
1219 1133 1278 1199 ho*
1381 1141 1384 1146 ’

189 1252 279 1298 norum
303 1234 466 1300 Varnensi
494 1237 622 1319 (Franz.
651 1238 701 1304 El.
729 1239 844 1327 Epigr.
874 1261 947 1324 pag.
978 1240 1066 1314 242),
1091 1233 1278 1300 tribuuntur

187 1329 253 1396 inter
276 1333 542 1422 aliaprivilegia
568 1337 639 1404 viro
669 1338 814 1420 cuidam,
842 1357 1041 1429 prorsusque
1070 1333 1218 1399 simfliter
1244 1332 1278 1398 in

186 1427 262 1498 Pario
282 1432 421 1514 decreto,
442 1434 536 1503 Ross.
550 1436 651 1504 Inscr.
667 1437 762 1520 inedss,
784 1438 861 1504 fasc.
876 1437 918 1518 Π,
942 1459 1016 1523 pag.
1033 1441 1090 1515 423
1111 1427 1277 1520 aliquanto

187 1526 315 1601 disertius
337 1534 371 1599 in
383 1533 485 1601 altero
496 1535 595 1604 Pario
608 1539 708 1615 titulo,
730 1536 809 1604 ibid.
825 1561 901 1624 pag.
921 1543 971 1617 41,
993 1532 1176 1620 explicatur
1196 1533 1278 1599 haec

185 1648 249 1696 vox:
268 1618 353 1696 εἶναι
370 1627 407 1696 δὲ
426 1624 548 1720 Ἀρήιαι
570 1627 752 1718 προεδρίαν
774 1632 830 1701 καί
853 1628 948 1710 δίκας
970 1625 1152 1715 προδίκοος
1172 1624 1232 1696 ἐάν
1244 1654 1277 1697 ιι

185 1714 338 1813 dissipem
367 1754 470 1818 neque
495 1735 585 1802 aliud
606 1738 705 1803 fircrit
725 1732 888 1819 προδικία
909 1757 992 1822 quae
1021 1733 1117 1798 toties
1144 1732 1179 1796 in
1200 1731 1278 1796 Del-

131 1909 134 1920 !
184 1824 267 1906 phicis
283 1831 462 1898 honoribus
481 1845 689 1916 memoratur,
711 1838 914 1925 (plerumque
930 1835 1091 1900 donantur
1104 1822 1275 1908 προξενία,

182 1922 380 2006 προίὶνίντεια,
398 1928 577 2015 προεδρία,
595 1935 762 2018 προδικία,
778 1928 962 2019 ἀσφάλεια,
980 1922 1111 2011 ἀσυλία,
1129 1921 1278 1995 ἀτέλειαι
1297 1921 1299 1926 ’

181 2021 209 2086 tf·
222 2025 302 2102 Ourt.
318 2030 442 2097 Anecd.
462 2035 582 2122 Delph.
603 2060 688 2102 num.
706 2042 839 2117 40-66,
860 2033 896 2100 O.
917 2032 943 2097 Ι.
968 2037 1056 2110 1691,
1082 2033 1277 2112 1692,1693,

179 2116 316 2195 Wescher
344 2139 376 2196 ct
403 2131 562 2218 Fouoa‘rt,
589 2134 691 2202 Inscr.
718 2136 838 2220 Delph.
865 2138 945 2210 etc).
989 2130 1085 2197 Certe
1115 2130 1279 2194 indicatur

178 2237 263 2292 eausa
290 2231 342 2294 cni
374 2232 583 2319 privilegium
615 2234 747 2322 aliquod
779 2233 885 2316 datur,
916 2232 1055 2298 fortasse
1088 2252 1171 2317 quae
1203 2227 1277 2293 aliis

174 2329 327 2397 praeeedit
346 2339 493 2417 tempore
516 2333 741 2418 cognoscendi.
1351 2323 1355 2329 l

161 2492 164 2505 ,
244 2420 400 2512 ψᾶφιξις,
435 2432 527 2519 Hyp.
562 2440 611 2500 45.
659 2433 804 2499 Atticum
837 2432 975 2519 simplex
1008 2422 1155 2513 ψήφισις
1187 2451 1276 2511 casu,

162 2517 285 2705 ἔξω,
298 2550 458 2616 nusquam
471 2531 598 2617 legitur,
621 2533 678 2599 sed
694 2523 910 2620 διαψήφισις,
932 2520 1174 2616 καταψῆφιαις,
1191 2519 1278 2593 ἄπο-

240 2646 301 2703 ιοις
321 2636 402 2699 nota
423 2640 508 2699 sunt.

673 2919 694 2998 a
720 2919 766 2980 ιι.

403 3063 461 3128 De
490 3058 681 3129 ιίιιίοονοα
702 3062 875 3127 dialecti
891 3060 1033 3124 indole.

164 3309 177 3324 ·
241 3228 444 3315 Praecipuae
472 3229 604 3315 linguae
632 3229 789 3296 Locricae
817 3229 1055 3316 proprietates,
1093 3226 1209 3315 quibus
1237 3226 1279 3293 ab

133 3301 233 3392 &hig
274 3326 516 3415 distinguatur,
553 3328 613 3394 has
642 3329 784 3395 vidimus
816 3349 900 3391 esse:
930 3325 1071 3391 studium
1098 3326 1222 3413 antiqui
1247 3329 1280 3408 ἄ,

132 3419 372 3492 Potissimum
395 3438 471 3494 ante
492 3451 528 3509 ρ,
554 3447 594 3490 ατ
616 3418 675 3515 pro
696 3430 745 3492 σθ
773 3430 807 3492 in
828 3424 940 3490 formis
965 3423 1170 3506 verbalibus3
1192 3446 1279 3491 amo-

131 3517 228 3590 istm
251 3548 395 3608 crassos,
420 3526 556 3614 psilosin
578 3525 706 3591 articuli
728 3517 757 3609 ί,
781 3516 821 3600 ἇς
844 3524 1120 3611 praepositionem
1142 3516 1171 3586 ἐξ

241 3627 462 3712 Antiquorum
485 3644 638 3690 sonorum
660 3625 765 3689 estin
780 3625 968 3689 universum
991 3623 1070 3687 satis
1090 3629 1198 3700 tenax,
1221 3619 1281 3686 sed

131 3691 457 3808 lsslsrsvationibus
486 3746 553 3789 non
582 3745 715 3809 prorsus
736 3723 857 3797 libera,
891 3720 1003 3808 qualos
1025 3740 1123 3805 asper
1143 3717 1280 3803 spiritus

131 3800 242 3974 ἓεο
273 3823 444 3890 adhibitus
471 3831 655 3906 temereque
682 3821 847 3909 abjectus,
875 3821 1020 3884 tenuium
1047 3815 1218 3901 aspiratio,
1248 3814 1284 3879 F

131 3919 136 3956 l
188 3919 316 3989 ditum.

243 4022 328 4089 Oum
349 4019 477 4088 Doride
498 4019 653 4090 universa
673 4015 832 4081 consentit
852 4017 887 4081 in
908 4037 969 4083 usu
988 4012 1160 4100 longarum
1179 4033 1278 4081 voea-
1372 4024 1375 4030 ’
