2836 4784
393 398 394 403 ,
435 339 469 394 de
486 339 690 412 praepositione
709 339 795 410 παρά.
1097 374 1099 379 .
1132 347 1171 410 33

53 501 268 591 γεγενημένος
289 498 368 588 παρ’
393 500 493 571 αἱτοῦ
515 509 609 573 Deru.
630 506 665 571 Π
684 516 712 576 4.
735 507 844 575 Π128.
866 499 943 590 παρ’
969 501 1075 572 αὑτῶν
1096 529 1172 572 σον-

52 602 190 670 τιθέασι
210 606 263 670 ΙΧ
285 613 335 675 36.
358 599 456 670 οὐδὲν
476 599 550 688 παρ’
575 600 682 681 αὐτῶν
702 603 852 691 λέγοντες
872 607 916 673 ἰδ.
936 607 1004 673 XII
1023 615 1068 677 18.

131 697 213 788 παρ’
239 699 365 768 ἑαυτῶν
387 716 492 772 autem
515 729 579 771 non
601 706 702 772 solum
725 709 860 794 propria
880 709 929 786 vi,
954 730 1090 793 perse,
1118 731 1171 772 ve·

54 828 122 869 rum
138 807 241 871 etiam
266 829 325 870 suo
347 806 489 894 impulsu
511 805 649 890 aliquem
674 807 752 892 quid
768 806 876 872 facere
891 806 1062 892 significat,
1084 806 1173 871 velut

53 902 133 970 Plut.
157 903 255 969 Alex.
278 903 413 968 XXXII
439 916 450 969 1
485 901 568 968 ὥστε
595 896 783 982 θαυμάζειν
810 899 1019 980 ἐπελθόντας
1042 898 1170 987 όρθροα

53 999 127 1078 τοὺς
147 997 313 1090 ἡγεμόνας
332 1001 390 1068 καὶ
409 996 487 1086 παρ’
513 997 619 1067 αὑτῶν
640 998 817 1086 ἐξενεγκεῖν
835 998 1055 1087 παράγγελμα
1076 1008 1169 1086 πριῦ-

54 1124 105 1165 τον
140 1095 444 1186 ἀριστοποιεῖσθαι
475 1100 553 1179 τοὺς
586 1098 803 1186 στρατιιόταςς
837 1127 902 1190 qua
936 1105 1173 1188 significatione

56 1204 201 1287 proxime
223 1203 316 1269 abest
336 1204 378 1269 ab
401 1195 456 1289 ὑφ’
480 1196 598 1266 ἑαυτοῦ
626 1204 667 1269 cf.
694 1203 778 1269 Plut.
805 1203 897 1268 Rom.
926 1202 1043 1269 XXVI
1064 1212 1090 1271 ,9
1118 1228 1171 1269 ne·

57 1322 114 1386 que
134 1301 275 1366 multum
297 1303 404 1375 differt
424 1303 466 1367 ab
487 1301 651 1367 intellectu
677 1302 849 1367 locutionis
879 1293 937 1388 ἀφ’
962 1296 1080 1365 ἑαυτοῦ
1112 1299 1188 1368 ευτ’

59 1410 179 1485 sponte,
202 1403 244 1467 cf.
265 1401 418 1468 Holdium
442 1400 485 1467 ad
506 1402 589 1468 Plut.
609 1402 700 1468 Aem.
724 1401 815 1467 Paul.
837 1424 868 1487 p.
891 1408 962 1469 296.

570 1558 598 1667 ε’.
624 1593 672 1653 11.

104 1734 339 1815 Quaeritur
361 1736 560 1823 possitne
580 1727 694 1818 παρά
716 1759 803 1802 cum
823 1739 1012 1823 genetivo
1034 1740 1122 1805 vice

156 1836 502 1922 praepositionis
525 1829 635 1921 παρά
657 1858 746 1900 cum
769 1835 917 1902 dativo
939 1837 1066 1924 fungi.
1165 1877 1170 1886 ·

137 2000 347 2080 Quibusdam
366 1999 447 2065 locis
469 1992 561 2083 παρά
585 2023 612 2066 c.
635 2008 706 2085 gen.
728 1999 835 2065 locum
857 2001 914 2066 ubi
943 2004 1067 2091 aliquid
1100 2030 1170 2072 ver·

61 2109 144 2163 satur
167 2099 365 2185 significare,
384 2122 462 2185 ergo
486 2098 589 2164 dativi
611 2101 683 2165 vice
703 2100 795 2185 fungi
818 2099 954 2167 videtur.

135 2197 183 2263 At
194 2220 255 2284 ego
266 2201 338 2264 viro
352 2199 540 2263 doctissimo
554 2184 713 2263 Kvidalae
722 2199 807 2275 (Ber.
824 2198 966 2268 d.Wien.
976 2202 1077 2266 Acad.
1094 2208 1171 2272 1865

59 2296 125 2365 Vol.
148 2298 179 2362 L
202 2320 234 2384 p.
257 2304 315 2364 717
338 2298 379 2363 ef.
400 2298 444 2364 ib.
466 2297 580 2362 XLIX
600 2320 631 2384 p.
652 2303 725 2377 466)
747 2320 812 2363 non
831 2321 963 2385 possum
985 2325 1049 2366 non
1072 2303 1170 2369 adsti-

59 2396 170 2482 pulari,
194 2399 466 2484 praepositionem
488 2391 579 2479 παρά
602 2418 675 2462 cum
696 2399 848 2482 genetivo
867 2422 1025 2485 nusquam
1049 2402 1170 2490 simpli·

61 2499 134 2561 citer
155 2495 299 2562 eundem
329 2496 527 2563 intellectum
557 2496 652 2562 huius
681 2499 932 2584 praepositionis
960 2522 1033 2566 cum
1060 2501 1170 2568 dativo

61 2598 250 2662 coniunctae
277 2595 400 2661 habere
420 2595 641 2678 contendenti,
669 2596 726 2662 sed
747 2596 932 2686 ubicunque
961 2598 1023 2664 hoc
1048 2601 1171 2666 factum

57 2694 206 2761 rideatur
227 2718 313 2778 esse,
342 2695 526 2762 exeundum
552 2718 623 2761 esse
647 2717 667 2759 a
692 2697 824 2761 notione
851 2698 1030 2785 particulae
1057 2699 1172 2782 ,unde‘.

18 2856 29 2869 .
57 2794 152 2875 Quod
164 2795 256 2860 valet
277 2794 318 2860 de
338 2793 409 2867 loco
428 2817 449 2860 a
463 2795 678 2883 Bernhardyo
700 2794 797 2861 allato
824 2790 935 2879 ἔγρετο
957 2794 1051 2880 παρὰ
1064 2794 1173 2884 Ἥρης

55 2894 77 2956 0
100 2903 118 2963 5
141 2895 202 2982 qui
225 2893 440 2982 explicandus
461 2904 510 2961 est
532 2918 574 2960 ex
596 2895 758 2961 simillimo
780 2895 851 2962 loco
880 2888 1000 2971 ἀνστὰς
1021 2891 1058 2973 ἐξ
1077 2890 1171 2984 εόνῑγς

54 2984 192 3078 Ἑλένης
207 2988 316 3077 πάρα,
343 2996 419 3060 item
442 2995 575 3061 deloco
602 2994 777 3060 Pindarico
805 2995 913 3082 (Pyth.
934 2995 967 3058 X
989 3001 1041 3074 62)
1068 2993 1172 3076 τυχών

57 3114 108 3157 κεν
119 3087 301 3174 ἁρπαλέαν
318 3089 438 3172 σχέθοι
452 3087 614 3181 φροντίδα
634 3090 696 3156 τὰν
713 3090 783 3177 πὰρ
801 3088 909 3170 ποδός
930 3094 986 3159 ubi
1001 3097 1109 3181 agitur
1131 3098 1172 3163 de

58 3214 133 3258 cura
150 3203 325 3280 praesente
341 3192 463 3259 sivede
484 3216 523 3259 eo
545 3193 633 3282 quod
653 3193 850 3280 concupivit,
872 3192 1022 3279 quodque
1045 3197 1074 3259 ei
1096 3220 1171 3262 con-

58 3293 127 3377 tigit
141 3293 209 3357 cito
222 3301 351 3378 raptum
362 3293 543 3381 cupideque
558 3302 734 3380 arreptum,
747 3294 981 3380 interpretante
993 3293 1170 3363 Boeckhio.

135 3390 287 3456 Alterum
302 3405 351 3456 est
364 3413 466 3476 genus
484 3412 593 3457 eorum
614 3391 769 3475 locorum,
791 3414 929 3480 quorum
950 3393 985 3456 in
1004 3393 1171 3461 codicibus

60 3502 110 3555 aut
132 3492 262 3555 incerta
283 3500 340 3555 aut
359 3500 513 3579 corrupta
535 3501 586 3556 est
607 3492 790 3577 scriptura,
823 3490 910 3557 velut
946 3485 1172 3573 ἐτρυχόμεσθα

61 3585 148 3670 παρὰ
171 3591 240 3651 τῶν
259 3584 456 3670 Καϋστρίων
476 3583 603 3654 πεδίων
623 3590 723 3654 Arist.
737 3590 818 3655 Ach.
830 3593 881 3657 68.
903 3613 985 3678 quae
1009 3593 1172 3677 scriptura

62 3688 180 3754 codicis
202 3690 319 3776 optimi
339 3688 540 3754 Ravennatis
562 3710 582 3753 a
603 3697 706 3754 metro
729 3688 890 3754 abhorret.
932 3689 1061 3777 Reliqui
1083 3688 1170 3754 codi-

59 3807 109 3852 ces
138 3787 299 3875 praebent
328 3784 385 3853 διὰ
413 3790 480 3854 τῶν
506 3780 703 3870 Καϋστρίων
736 3781 871 3854 πεδίων.
915 3787 1003 3868 Quia
1028 3789 1170 3853 omnium

64 3886 206 3953 codicum
223 3909 402 3954 consensus
419 3887 604 3972 genetivum
618 3896 737 3970 tuetur,
758 3887 863 3951 minus
884 3895 971 3950 reete
990 3882 1083 3948 multi
1104 3884 1170 3949 edi-

65 3995 142 4052 tores
162 3982 256 4068 παρὰ
279 3980 468 4073 Καΰστριον
488 3977 605 4049 πεδίον
626 3994 872 4074 proposuerunt.
896 3983 971 4064 Qua
992 3981 1032 4046 de
1055 4004 1188 4049 caussa¹

112 4087 257 4144 userius,
274 4089 376 4132 Studien.
400 4090 442 4133 111.
946 4084 962 4134 3
