2836 4784
458 346 493 400 de
509 346 713 418 praepositione
732 346 819 421 παρά.
1151 355 1191 417 57

71 516 154 582 Plat.
176 516 324 603 Euthyd.
347 521 417 583 271.
439 515 523 582 Ises.
546 515 628 581 V'HI
655 524 691 586 16
720 517 762 583 ad
783 540 877 605 quem
897 517 1003 583 locum
1026 517 1065 583 cf.
1089 516 1188 584 Seho'·

73 639 237 683 mannum.
328 654 332 662 ,

153 717 307 803 Denique
327 713 465 779 verbnm
485 707 695 779 cinereae
718 738 891 802 apponam,
915 716 955 780 de
971 738 1033 804 quo
1047 714 1135 780 idem
1151 737 1191 781 ac

74 815 111 880 de
132 816 247 880 verbis
269 815 381 899 στῆναι
397 824 429 879 et
450 808 585 892 ἕζεσθαι
605 815 706 880 valet:
730 813 870 895 θέμεναι
890 807 972 896 παρ’
993 807 1189 879 Ἀπόλλωνα

74 909 221 995 θρόνους
241 915 288 980 Pi.
312 915 361 981 Ol.
383 908 465 979 XIV
488 920 536 980 10.
579 906 662 998 παρ’
694 908 813 991 αὖτοὺς
837 913 877 978 τὰ
910 910 1001 978 ὅπλα
1025 908 1190 979 τίθεσθαι

77 1015 177 1080 Thne.
200 1013 275 1079 112
304 1037 396 1079 arma
424 1016 517 1079 iuxta
544 1015 691 1101 ipsorum
722 1039 814 1080 arma
843 1038 964 1102 ponere
994 1017 1014 1078 i.
1038 1038 1064 1079 e.
1097 1038 1190 1080 erma

75 1116 278 1200 coniungere.
305 1107 454 1197 θέμενοιΙ
465 1110 556 1196 παρὰ
581 1117 738 1195 γυναῖκας
757 1114 840 1181 Plat.
858 1138 944 1201 resp.
960 1114 991 1178 V
1002 1121 1072 1198 465,
1088 1116 1123 1181 id
1140 1125 1190 1181 est

74 1214 132 1279 sibi
163 1223 393 1300 comparantes
411 1236 525 1300 ⁴eaque
553 1212 750 1300 deponentes
780 1215 867 1302 apud
895 1214 1054 1280 mulieres.
1088 1209 1188 1279 ἔθετο

74 1306 242 1400 συνθήκας
270 1308 362 1395 παρὰ
392 1309 448 1397 την
474 1307 600 1395 μητέρα
629 1315 695 1375 τῶν
725 1317 814 1377 θεῶν
838 1314 995 1380 Dinarch.
1019 1315 1096 1382 186
1146 1311 1188 1378 τὰ

74 1406 191 1495 ἡμίσεα
221 1405 331 1498 πάσης
360 1416 416 1499 της
438 1404 552 1497 οὐσίης
579 1406 847 1495 ἐξαργυρώσαντα
873 1409 1003 1477 θέσθαι
1025 1411 1118 1497 παρὰ
1141 1410 1187 1479 σέ.

74 1512 194 1578 Herod.
218 1512 265 1576 VI
287 1518 336 1581 36.
358 1517 378 1595 ξ
403 1520 429 1582 1,
443 1514 483 1590 ¹¹)
504 1513 538 1577 in
560 1512 677 1601 quibus
700 1513 830 1578 dicendi
852 1513 1015 1578 formulis:
1037 1513 1189 1599 deponere

75 1610 162 1697 epod
181 1611 321 1696 ale’qeeem
342 1621 488 1678 oratores
510 1606 602 1696 παρά
626 1636 697 1680 cum
722 1614 831 1679 dativo
852 1614 960 1679 dicere
983 1615 1093 1678 solitos
1116 1637 1188 1680 esse

75 1733 171 1799 snpra
205 1711 352 1778 demonst
339 1711 505 1777 travimus
531 1737 564 1799 p.
598 1720 647 1778 41.
684 1714 724 1778 cf.
758 1713 999 1828 Schiimannum
1031 1714 1074 1779 ad
1103 1715 1187 1780 Isse.

75 1834 99 1897 p
124 1815 196 1878 387.
205 1812 245 1892 ¹²)

150 1909 320 1974 Differunt
307 1919 450 1974 tantem
478 1903 570 1991 ααρσί
593 1933 665 1974 eum
687 1909 859 1977 dstivot
828 1921 859 1977 et
881 1904 974 1992 παρά
1001 1935 1073 1977 cum
1096 1935 1188 1979 accu-

76 2013 175 2076 sativo
195 2011 308 2075 iuncte
330 2031 368 2073 eo
390 2012 532 2073 maxime
555 2009 642 2097 quod
672 2033 724 2074 res
745 2033 804 2097 per
827 2010 973 2076 dativum
997 2034 1071 2076 cum
1091 2004 1185 2094 παρά

75 2110 157 2177 dicta
179 2118 335 2174 nontam
354 2109 448 2172 sirete
470 2130 566 2194 quam
588 2108 679 2193 epod
699 2109 840 2196 aliquam
862 2133 940 2191 rem,
963 2112 996 2174 in
1020 2110 1187 2176 vicinitate

75 2214 114 2276 rei
136 2210 267 2275 versari
290 2210 466 2293 cogitatum
495 2230 567 2271 oum
596 2231 648 2272 res
671 2231 729 2294 per
752 2211 972 2276 accusativum
997 2233 1070 2275 cnm
1092 2205 1186 2292 παρά

76 2310 252 2397 composite.
275 2307 319 2372 ad
344 2308 431 2373 letus
453 2309 511 2390 rei,
530 2308 638 2393 juncte,
654 2321 786 2392 praeter
808 2309 904 2372 aliam
918 2325 988 2373 rem
1002 2311 1110 2395 posita
1126 2312 1187 2394 sit3

76 2409 152 2474 unde
182 2417 324 2495 apparet
353 2429 396 2484 ex
425 2406 539 2472 eodem
566 2407 686 2490 verbo,
719 2417 816 2495 prout
839 2431 892 2474 res
914 2409 1066 2495 postulat,
1088 2410 1184 2477 modo

80 2529 138 2579 cnm
162 2507 275 2571 dativo
297 2504 393 2570 modo
423 2528 495 2570 cum
523 2511 710 2573 accusativo
732 2509 1005 2594 praepositionem
1029 2513 1185 2596 composi-

80 2616 133 2671 tam
157 2605 302 2693 pendere
324 2627 428 2691 posse.
460 2604 550 2689 Ergo
571 2606 674 2672 verbo
693 2606 844 2671 movendi
858 2606 969 2672 addito
984 2609 1186 2693 significatur

96 2706 119 2774 I.
143 2713 176 2784 a)
198 2705 335 2770 alteram
357 2727 425 2768 rem
448 2704 550 2780 iusta,
572 2704 745 2770 secundum
760 2706 895 2770 alteram
917 2709 1049 2773 moveri.
1072 2708 1090 2791 (
1089 2709 1187 2773 aeden

195 2818 292 2869 etwas
310 2802 394 2886 deis.)

137 2906 174 2987 b)
191 2916 321 2989 praeter
342 2902 469 2985 (nana)
491 2902 627 2967 alteram
649 2906 782 2970 moveri.
805 2910 859 2981 (an
882 2914 980 2969 etwas
1002 2904 1137 2986 vorbei.)

83 3005 119 3071 II.
142 3002 245 3069 verbo
273 3000 461 3100 qnieseendi
490 3002 641 3067 adiuncto
610 3012 795 3068 ttsenten
796 3005 828 3068 ia
857 3004 958 3068 efficit
945 3014 1013 3087 tur,
1049 3005 1185 3072 alteram

144 3126 216 3168 rem
236 3103 329 3166 iuxta
345 3101 482 3167 alteram
498 3111 689 3187 porrectam,
712 3111 879 3167 extensam
896 3126 967 3168 esse
983 3104 1030 3168 ita
1047 3113 1082 3168 ut
1098 3128 1186 3225 παρ-

143 3195 297 3286 αλλήλους
318 3203 391 3288 posi
393 3210 445 3266 tae
468 3203 540 3266 sint.

135 3353 177 3415 11)
195 3348 375 3407 Valckenarii
393 3350 571 3404 sententiamr
589 3348 750 3404 deteriorem
768 3365 827 3405 esse
846 3348 992 3405 lectionem
1006 3354 1083 3425 παρὰ
1101 3358 1142 3424 σέ,
1158 3360 1187 3410 et

75 3436 148 3502 παρὰ
175 3439 224 3487 σοί
246 3433 276 3487 in
298 3439 375 3488 textu
396 3435 586 3504 reponendum
611 3433 647 3488 ad
670 3433 824 3505 exemplum
849 3435 996 3489 verborum
1021 3435 1095 3491 Ieaei
1112 3430 1188 3508 epnd

74 3516 151 3573 Dion.
176 3518 241 3573 Hal.
261 3518 300 3587 (Il
318 3536 346 3587 p.
367 3521 423 3585 167,
439 3521 483 3573 49]
499 3517 674 3581 exstantium,
692 3516 778 3585 οὔσης
793 3539 844 3590 μοι
863 3520 1102 3590 παρακαταθήκης
1119 3520 1186 3593 παρ’

73 3601 202 3673 Εὐμάθει
229 3601 319 3672 τούτῳ
345 3602 463 3672 probare
493 3619 550 3656 non
577 3619 703 3672 posenm3
742 3618 805 3656 eum
831 3607 859 3656 et
889 3603 1014 3674 exempla
1045 3604 1131 3658 allata
1159 3609 1188 3664 et

73 3687 137 3740 ratio
161 3685 262 3740 doceat
288 3686 366 3755 παρὰ
394 3685 600 3740 directissime
625 3686 730 3747 dietum
753 3703 813 3742 esse
835 3693 863 3742 et
884 3687 1039 3758 exemplum
1056 3703 1090 3741 ex
1106 3687 1186 3743 Isaeo

74 3769 186 3837 petitum
203 3768 316 3823 minime
333 3770 387 3822 huc
404 3769 552 3841 pertineat.
1152 3788 1156 3794 ·

137 3854 178 3919 12)
197 3851 233 3907 cf.
253 3855 282 3907 bt
303 3852 408 3908 die't
372 3860 408 3906 eet
422 3861 520 3921 peaetet
541 3855 611 3909 alde
634 3855 735 3910 Maria
756 3855 930 3925 Mapdalend
951 3869 1023 3922 pass.
1051 3853 1087 3908 Κ.
1104 3854 1187 3910 Vno.

55 3956 58 3964 ⁴
77 3931 118 3991 (ir
136 3936 205 3992 Lex.
223 3936 237 3989 1
260 3937 334 3992 1347.
368 3937 412 3991 bei
427 3939 473 3992 die
489 3955 567 4007 wape
588 3939 637 3993 irin
654 3943 708 3995 den
726 3937 865 4010 Scorpion
880 3944 993 4006 pereteet
1015 3933 1096 4007 Opitz
1113 3937 1127 3991 I
1144 3943 1186 3994 92.

75 4015 157 4076 Π52.
263 4024 265 4031 ’
