2836 4784
517 341 552 398 de
569 343 774 415 praepositione
796 343 882 414 παρά.
1219 352 1258 416 85

147 510 268 598 Cratyl.
301 517 380 594 398,
406 511 604 598 saepissime
623 530 643 578 a
662 509 837 577 Plutarcho
864 512 978 577 Moral.
1000 517 1056 579 441
1081 512 1119 577 Β.
1140 519 1197 580 671
1222 514 1260 578 Ε.

151 616 199 678 ue
223 610 263 677 B.
294 611 353 676 vit.
382 609 485 677 Marc.
513 611 602 677 VIII.
629 610 732 676 XXII
763 621 822 676 eto.
854 635 874 677 a
905 613 1137 696 grammaticis,
1168 614 1259 680 scho-

155 709 246 781 iustis
268 710 385 789 stow)
499 741 503 775 1

223 794 396 875 Postremo
418 819 454 874 ut
481 811 615 876 tandem
634 810 711 875 huic
739 809 780 875 de
808 833 870 876 usu
896 810 1147 896 praepositionis
1166 804 1261 893 παρά

164 933 218 975 cum
236 908 368 975 casibus
390 910 585 976 coniunctae
606 910 789 997 quaestioni
810 909 906 974 finem
928 910 1132 995 imponamus

661 1077 681 1155 ξ
703 1081 752 1143 26.

172 1225 199 1290 de
214 1248 249 1291 ea
274 1227 310 1290 vi
337 1225 565 1292 disserendum
594 1234 644 1290 est
667 1246 730 1312 qua
760 1224 838 1312 quid
865 1234 997 1312 praeter
1022 1223 1261 1291 fines-alicuius

174 1325 206 1387 rei
221 1325 285 1390 lieri
305 1324 484 1410 indicatum
508 1347 665 1414 quaeres
687 1347 760 1389 cum
783 1347 910 1411 semper
933 1323 976 1390 ad
993 1327 1137 1391 animum
1158 1333 1262 1390 trans·
1353 1410 1357 1415 .

174 1421 236 1488 latae
255 1424 317 1489 sint
338 1426 552 1513 notionesque
579 1425 764 1490 contineant
790 1422 832 1487 ad
861 1447 968 1490 mores
997 1427 1194 1510 pertinentes
1217 1423 1283 1514 efg

174 1521 254 1587 licitur
280 1531 316 1588 ut
344 1525 400 1610 qui
426 1523 542 1588 harum
572 1536 679 1588 rerum
708 1522 789 1587 fines
818 1524 992 1609 praeterit,
1024 1523 1102 1588 fines
1130 1525 1211 1587 recti
1230 1531 1261 1587 et

175 1620 228 1685 iusti
257 1623 480 1709 praetergredi
512 1624 681 1710 cogitetur.
726 1622 962 1687 Praetereundi
991 1630 1100 1687 autem
1136 1622 1260 1687 notioni

175 1721 229 1805 quie
252 1721 425 1786 aberrandi
451 1723 610 1810 proxima·
631 1722 683 1804 sit,
705 1723 948 1808 praepositione
975 1715 1068 1801 παρά
1097 1721 1261 1785 indicatur

175 1817 281 1884 alterurn
309 1843 379 1891 rem
413 1843 485 1886 cum
515 1820 620 1886 altera
651 1843 715 1885 non
746 1822 934 1904 convenire,
966 1820 1053 1886 unde
1079 1819 1260 1885 intellectus

175 1927 255 1984 mura
273 1920 432 2006 originem
455 1921 619 1998 traxit.²⁷)

232 2012 320 2103 παρά
342 2019 405 2085 hac
426 2021 585 2086 sententia
606 2028 799 2108 usurpatum
824 2019 892 2084 fere
921 2041 1049 2105 semper
1072 2042 1145 2083 cum
1166 2041 1259 2084 accu-

176 2117 253 2184 sativo
274 2117 554 2186 substantivorum
575 2117 636 2201 vel,
658 2117 745 2204 quod
766 2119 873 2182 rarius
893 2118 1091 2200 factumest,
1114 2140 1186 2181 cum
1205 2140 1257 2182 ac·

174 2219 290 2284 curative
316 2217 550 2283 adiectivorum
580 2227 694 2283 neutro
722 2239 842 2303 genere
869 2216 1028 2284 dictorum
1051 2220 1256 2283 coniunctum

173 2311 279 2401 legitur3
311 2319 478 2382 rarissime
507 2340 580 2384 cum
605 2327 721 2382 neutro
750 2317 915 2404 participii
944 2316 1081 2383 alicuius
1109 2316 1162 2382 vel
1185 2322 1258 2404 pro·

175 2417 284 2481 reninis
315 2416 445 2481 relativi
478 2415 590 2482 addito
620 2415 722 2481 verbo
751 2416 907 2502 quodam3
938 2437 1020 2481 unus
1050 2415 1259 2504 Thucydides

180 2507 274 2580 luobus
296 2514 379 2580 locis
400 2508 493 2595 παρά
517 2537 588 2581 eum
604 2515 763 2580 infinitivo
779 2516 905 2580 adiecto
920 2516 1057 2581 articulo
1071 2518 1260 2603 composuit

177 2611 238 2695 παρὰ
268 2611 308 2678 τὸ
339 2610 386 2702 μὴ
420 2606 558 2678 οἴεσθαι
588 2617 706 2702 χρῆναι
731 2614 819 2699 177,
841 2620 868 2682 3.
896 2624 928 2680 et
956 2612 1049 2696 παρὰ
1076 2611 1114 2679 τὸ
1140 2614 1261 2678 δοκοῦν

179 2701 185 2725 1

175 2713 225 2792 ημῖν
241 2715 325 2798 184,
346 2714 422 2791 2²⁸)

173 2851 357 2869 Ἢ..-

218 2928 259 2999 20)
275 2927 477 2983 Dissememnt·
498 2929 532 2983 de
553 2927 606 2982 hoc
626 2944 677 2982 usu
695 2927 807 2982 Bestius
827 2928 863 2982 ad
881 2927 998 2999 Gregor.
1017 2928 1079 2983 Cor.
1097 2948 1123 2999 p.
1142 2933 1201 2998 830,
1218 2931 1259 2983 31.

173 3010 343 3082 btohifems
363 3012 400 3067 ad
417 3013 499 3068 eund.
518 3031 546 3083 p.
558 3015 615 3069 353.
639 3012 797 3066 Brunclrius
817 3013 853 3066 ad
870 3011 963 3083 Apoll.
975 3013 1027 3067 Ith.
1041 3013 1102 3068 Vol.
1115 3012 1149 3066 11.
1162 3030 1189 3083 p.
1204 3017 1260 3067 119.

220 3099 259 3163 11)
278 3097 382 3152 Mirum
405 3100 447 3151 est
468 3096 543 3166 quod
565 3096 595 3151 in
612 3096 687 3151 hisce
704 3097 892 3151 locutionibus
909 3096 945 3151 ed
963 3097 1083 3151 animum
1101 3097 1262 3168 pertinenti·

173 3168 209 3228 bus
223 3181 389 3254 praepositio
411 3179 488 3251 παρά
506 3196 614 3250 semper
629 3181 771 3236 notionem
786 3189 900 3252 praeter
916 3180 961 3234 vel
978 3191 1075 3236 contro
1087 3181 1180 3256 habet,
1199 3198 1260 3234 cum

172 3268 224 3322 quae
241 3267 282 3317 est
299 3265 360 3317 eius
379 3268 482 3318 natura
502 3264 586 3319 etia'rn
608 3263 642 3318 dc
663 3265 746 3319 rebus
772 3280 843 3335 quae
867 3269 1015 3320 secuudum
1038 3266 1107 3320 alias
1130 3281 1173 3319 res
1191 3264 1261 3319 fiant

171 3346 273 3415 uupsri
291 3342 387 3418 possit.
419 3346 474 3404 Sed
485 3345 538 3401 hac
550 3348 690 3402 sententia
705 3346 805 3402 Graeci
822 3346 1025 3418 praepositione
1043 3348 1114 3403 κατά
1133 3348 1176 3402 usi
1187 3353 1260 3406 sunt.
1312 3399 1317 3410 ,

172 3416 219 3480 Una
235 3433 327 3484 tamen
354 3430 459 3486 locutio
489 3435 578 3485 exstat
600 3430 648 3487 ubl
677 3429 908 3502 significationem
934 3432 1090 3501 primariam
1114 3434 1260 3486 secundun

172 3509 231 3580 παρά
245 3529 353 3585 semper
369 3514 495 3569 retinuit:
523 3517 600 3588 παρὰ
619 3515 761 3588 στάθμην,
785 3514 861 3585 apud
878 3514 1004 3585 Theogn.
1022 3519 1080 3570 543.
1097 3520 1155 3570 945.
1174 3514 1258 3584 Soph.

172 3581 232 3659 slim.
253 3602 348 3667 taut
377 3599 447 3660 uisu
466 3602 595 3659 τέκτονος
623 3600 701 3668 παρὰ
726 3599 860 3670 στάθμην
885 3598 980 3660 ἰόντος
1003 3600 1141 3671 ὀρθοῦται
1157 3597 1260 3664 κανών,

172 3683 420 3754 improperatum
437 3683 466 3736 in
484 3682 546 3755 loco
563 3683 696 3753 Aeschyli
713 3684 823 3753 (Agam.
837 3686 912 3751 1004)
929 3683 999 3736 haec
1016 3682 1101 3755 uerba
1118 3685 1158 3736 ad
1169 3699 1260 3735 amus-

171 3753 216 3827 rins,
230 3781 281 3821 non
296 3774 411 3837 praeter
427 3767 556 3823 amussim
573 3766 729 3839 significare
746 3764 926 3821 censebimus.
1247 3830 1250 3837 ¹

217 3849 260 3915 10)
274 3854 354 3920 ἠέρα
372 3865 405 3902 ex
423 3847 520 3903 eadem
549 3866 611 3904 cum
637 3849 716 3919 παρά
739 3848 831 3904 radice
853 3856 943 3904 ortum
961 3849 1014 3902 hae
1031 3848 1059 3902 vi
1076 3852 1225 3916 usurpatur
1243 3865 1259 3901 a

172 3913 266 3987 Platone
284 3938 358 4006 πέρα
376 3937 425 3988 τοῦ
443 3933 556 3996 δέοντος
573 3933 659 4004 Gorg.
677 3937 726 3988 481
739 3933 775 3988 D.
795 3950 851 4004 rep.
869 3934 895 3989 V
916 3937 964 3987 104
986 3937 1035 3986 τοῦ
1053 3935 1169 4002 μετρίου
1187 3934 1259 4000 tripu

172 3995 228 4066 Plut.
243 4015 274 4072 cs
293 4017 343 4074 sol.
362 4017 444 4076 anim.
462 4021 512 4072 959
529 4017 562 4073 Β.
644 4062 673 4077 ,,
823 4040 826 4047 -
924 4040 927 4044 -
1224 4020 1230 4033 ·
