2836 4784
523 329 558 385 de
574 332 778 402 praepositione
798 328 883 402 παρά,
1222 339 1262 405 97

222 485 495 580 παραβάπιιομα
518 509 550 564 et
571 499 736 582 derivata,
759 501 935 586 eademque
956 503 988 564 vi
1011 501 1133 566 dietum
1151 524 1263 585 παρα-

148 588 300 678 ρώτισμα
333 598 424 685 apud
464 601 638 687 scriptores
678 599 916 665 ecclesiasticos
958 600 1102 667 declarat
1144 601 1262 667 falsum

152 691 356 780 baptismum.
392 695 762 784 -unapapanlsinv-
785 698 890 764 LXX.
925 700 1009 763 male
1040 722 1187 786 regnare.
1221 739 1263 748 —

157 790 382 875 ιιαραβλὲπειν
398 797 477 862 Luo.
499 798 644 887 Menipp.
666 800 690 866 l
720 799 811 878 l'also,
841 799 925 864 male
944 798 1129 864 videra-
1087 821 1262 883 -παρα-

160 891 321 971 βουκολεῖν
338 895 472 963 Oenom.
494 919 546 984 ap
576 897 695 965 Euseb.
719 921 831 985 praep.
856 920 969 983 evang.
992 910 1024 962 et
1049 900 1260 980 παραβοοκο-

164 984 247 1068 λίζειν
268 995 367 1060 semel
390 1017 441 1081 ap.
465 997 630 1083 Lycophr.
658 1004 743 1065 1094.
766 1005 923 1076 (attamen
944 999 1010 1061 iam
1032 997 1213 1061 verbum
1188 1021 1261 1061 srm-

169 1089 225 1176 plex
260 1091 435 1173 βουκολεῖν
475 1097 564 1182 apud
596 1097 858 1184 Aristophanem
891 1096 1140 1182 Xenophontem
1181 1097 1260 1162 alios

169 1113 307 1275 lignifioat
328 1193 451 1260 fallere.
477 1194 720 1281 deoiperel—
748 1189 1047 1279 παραβραβεύειν
1038 1198 1122 1260 rnius
1124 1205 1156 1258 te
1124 1194 1261 1259 tiudi·

175 1312 226 1354 oare
242 1291 356 1380 Polyb.
374 1292 520 1359 Plut-
543 1287 787 1377 παραόικάζειν
813 1296 856 1359 id.
877 1296 1077 1380 Byzant—
1097 1288 1262 1376 παράγειν

176 1393 281 1476 proprie
306 1415 372 1458 nun
403 1404 493 1458 resta
522 1395 639 1459 ducere
673 1396 867 1476 (omidhren)
895 1393 990 1459 Pind
1013 1392 1110 1480 Soph
1138 1399 1260 1475 (παρα-

177 1484 237 1575 ιαγή
255 1500 285 1555 ει
311 1493 445 1577 similia,
475 1516 579 1579 prava
609 1495 776 1560 deriuatio.
805 1500 991 1581 grammat.)
1019 1527 1057 1538 -
1085 1490 1257 1576 παραδια-

177 1583 243 1674 napi}
261 1593 435 1678 negotium,
453 1593 596 1658 studium
612 1595 725 1659 inutile
737 1595 817 1660 Nov.
836 1595 923 1660 Test.
938 1629 978 1641 ω
992 1585 1262 1673 παραδιόασκειν

178 1695 199 1748 o
212 1687 354 1757 derivata.
384 1684 452 1758 Sor.
476 1693 553 1761 ecel.
574 1729 616 1740 —
637 1688 951 1777 παραδογμαιίζειν,
983 1694 1064 1780 Byr.
1087 1728 1128 1739 —
1149 1713 1260 1775 παρα-

179 1779 287 1853 διοικεῖν
313 1791 399 1856 male
427 1793 665 1862 administrare,
685 1794 808 1881 Synes.
829 1829 870 1841 -
889 1794 1148 1876 παραδιορθοῖν
1175 1792 1260 1857 male

179 1888 325 1956 emendare.
350 1891 468 1958 Euseb.
489 1914 602 1980 praep.
628 1917 676 1960 ev.
701 1905 733 1958 et
754 1887 1022 1977 παραδιόρθημα
1042 1892 1204 1978 Porphyr.
1219 1928 1260 1939 -

178 1992 348 2074 ααραζηοεῖν.
368 1997 593 2077 παρακουρεῖν
614 1994 683 2059 Sor.
708 1993 783 2058 eool.
806 2028 845 2038 —
868 1986 1095 2074 παρακρῖνειν.
1115 1991 1259 2081 Hesyoh.
1326 2069 1328 2073 ,
1395 2010 1398 2015 ·

179 2081 236 2151 idem
266 2092 426 2176 signifieat
459 2093 546 2177 quod
574 2090 845 2177 παραβραβεύειν
878 2103 909 2156 ει
943 2086 1193 2175 παραδικοιζειν.
1219 2127 1260 2140 -

179 2186 351 2269 ποραλαλεῖν
378 2213 443 2257 non
470 2193 727 2258 reete-fabulari.
759 2193 910 2258 Menand.
934 2193 1024 2258 (lass.
1047 2191 1123 2256 Dio.
1144 2229 1186 2237 —
1206 2191 1259 2256 De

179 2285 248 2352 verbo
265 2288 466 2370 παρακούειν
487 2296 553 2357 iam
574 2293 818 2380 supradictum
840 2302 896 2357 est.
923 2292 1196 2374 παρακροᾶσθαι.
1218 2329 1256 2341 -

181 2384 398 2475 munionem
425 2392 544 2456 iniuste
572 2413 678 2478 agere.
708 2393 939 2479 praevaricari.
973 2391 1056 2456 Plut.
1080 2427 1122 2438 —
1146 2384 1258 2472 παρά-

184 2479 282 2570 ιλοομα
303 2500 336 2555 et
358 2493 427 2555 sim.
448 2491 543 2557 Phot.
565 2491 656 2557 Suid.
693 2493 732 2559 of.
754 2491 925 2557 verbilden.
961 2529 1002 2539 -
1036 2511 1257 2573 παραπροτα-

186 2576 248 2648 volso
273 2591 312 2655 of.
339 2589 583 2675 παραδιοικεῖν·
612 2592 785 2656 infideliter
815 2592 1045 2657 administrari
1077 2628 1116 2639 -
1146 2613 1257 2672 παρα-

180 2685 388 2768 uniuersae
402 2691 621 2757 inconsiderat
609 2701 640 2757 ιε
656 2696 815 2777 accipere.
833 2692 1013 2757 Arriam-
974 2691 1258 2773 -παραριθμεῖν

175 2779 203 2941 ἒς
218 2786 274 2858 sioh
294 2791 478 2858 oerzdhlen.
505 2791 658 2858 Stob.-—
616 2787 887 2876 -παράρρησις
907 2814 1026 2878 prava,
1054 2789 1214 2854 falsat
1158 2812 1199 2854 no
1201 2791 1256 2854 tio.
1352 2793 1354 2798 ’

202 2893 232 2951 ιιι.
309 2919 312 2925 ’

229 2986 326 3055 Multa
347 2992 529 3080 composita
552 3014 635 3081 quae
656 3014 804 3057 nummos
828 2989 1043 3072 adulterinos,
1070 2987 1178 3073 sigilla
1199 2987 1254 3052 ad-

174 3077 282 3154 ulterina
304 3099 338 3155 et
357 3092 478 3157 similia
500 3092 686 3178 significant
705 3099 836 3155 exstant
862 3089 951 3155 velut
976 3109 1253 3173 παρασημαινειν,
1295 3098 1297 3103 “

172 3181 231 3248 unde
249 3188 429 3254 derivatum
450 3199 499 3255 est
520 3211 734 3312 παρασημος,
760 3212 840 3279 quo
835 3189 944 3263 verbo
967 3211 1045 3253 usus
1067 3199 1115 3254 est
1136 3189 1255 3256 Demo-

172 3276 285 3353 sthenes:
315 3284 517 3376 παράσημος
539 3288 659 3377 ῥήτωρ.
687 3311 784 3376 quam
806 3289 1002 3353 locutionem
1023 3289 1254 3376 interpretatus

171 3389 204 3442 est
222 3391 446 3471 grammaticus
478 3389 595 3468 (Bekk.
621 3389 683 3456 An.
706 3395 776 3471 292,
801 3396 866 3468 tm:
908 3382 1111 3508 παρααημος
1135 3384 1254 3474 ῥήτωρ·

170 3465 363 3606 ‘ipsilles'
342 3485 414 3554 απὸ
435 3493 630 3606 μεταφορᾶς
648 3492 714 3552 τοῖν
733 3481 955 3568 νομισμάτων,
981 3484 1055 3552 ἐπεὶ
1075 3486 1116 3550 τὰ
1139 3489 1254 3575 φαολα

171 3575 208 3640 καὶ
224 3583 258 3649 ιὰ
280 3581 431 3670 αδόκιμα
452 3584 636 3676 παρασημα
658 3587 819 3664 καλεῖται,
852 3586 943 3673 παρὰ
967 3587 1006 3653 τὸ
1028 3590 1138 3662 κακῶς
1157 3608 1253 3674 σεοη-
1267 3675 1272 3684 ·

170 3671 326 3765 ιᾶιιαι,“
308 3711 391 3773 οπερ
414 3684 501 3753 ἐστὶν
522 3683 760 3778 ἕσφραγῖοθαι.
790 3690 909 3774 σημεῖα
923 3709 1069 3773 παραοηι
1058 3688 1146 3767 μεῖα,
1164 3686 1253 3750 κλεῖν

170 3782 383 3860 παρακλεῖόιον
404 3789 508 3855 Plato.
531 3813 611 3855 com
639 3790 755 3864 (Mein.
774 3712 856 3872 112,
879 3796 953 3867 643)
982 3789 1020 3853 cf
1043 3797 1174 3851 nostrae
1193 3788 1250 3851 lin·

169 3891 230 3954 guae
248 3890 345 3955 verba
358 3889 551 3977 beischlag
541 3914 562 3955 1.
577 3913 604 3954 ε.
618 3912 766 3955 nummus
780 3839 869 3953 adult
856 3890 978 3953 terinus
994 3897 1024 3951 et
1012 3884 1251 3956 tbersahliissel.

230 3983 380 4054 Eiusdem
406 3992 535 4076 generis
564 4000 642 4056 sunt
667 3983 898 4071 παρακόπτειν
918 3987 1015 4053 Diod.
1038 3988 1118 4051 Luc.
1140 4009 1251 4070 παρα-

211 4081 334 4144 ιοτιιιιι,
352 4093 454 4134 sinum.
469 4094 509 4134 111.
1033 4092 1048 4141 7
