2836 4784
437 366 471 421 de
491 367 608 421 dialecto
626 365 812 423 Locrensium.
1122 371 1183 436 269

153 531 188 596 In
209 530 261 597 his
286 530 397 598 Lesbii
424 555 488 599 non
508 534 691 622 producunt
717 535 861 601 vocalem
890 535 1000 622 stirpis
1031 544 1105 601 ante
1135 535 1181 599 di·

67 631 278 718 phthongum.
1163 642 1167 647 ’

157 731 269 796 Tertia
298 731 415 796 classis
443 753 552 798 earum
577 743 632 798 est
659 735 835 800 formarum
865 755 948 821 quae
974 734 1103 820 longam
1127 733 1179 799 eri·

69 828 179 893 hibent
195 830 343 895 vocalem
365 840 440 895 ante
458 831 646 918 simplicem
673 842 910 897 consonantem.
955 832 1061 912 Quam
1083 836 1179 898 ratio·

72 948 140 991 uem
165 937 341 1016 sequantur
364 951 465 1016 supra
487 929 705 996 demonstravi
729 931 784 995 ubi
801 932 1003 1018 exponebam
1020 932 1180 997 deforma
1279 1002 1281 1006 ,

73 1021 260 1111 catapano.
292 1026 470 1093 Homerica
485 1030 643 1117 ejusmodi
666 1031 768 1096 refero
791 1032 832 1095 ad
854 1032 1045 1118 productam
1067 1034 1179 1117 stirpis

72 1125 227 1211 vocalem3
255 1149 283 1193 e.
313 1149 345 1213 g.
373 1130 518 1213 φορῆναι
546 1128 589 1193 ad
608 1150 807 1214 -φορη-εναι,
839 1153 904 1195 non
938 1131 980 1194 ad
1009 1148 1179 1214 popa-eruo

71 1243 163 1306 quum
184 1225 410 1291 deberetesse
431 1230 595 1311 ‹popeivca
637 1228 800 1295 Lesbiaca
828 1231 952 1294 utravis
977 1230 1103 1294 ratione
1124 1251 1178 1293 ex·

68 1320 181 1402 plicari
206 1336 359 1411 possunt3
394 1327 564 1415 Locrieum
595 1322 946 1416 auleipevogspectat
974 1328 1015 1393 ad
1045 1328 1177 1392 brevem

66 1424 220 1490 vocalem.
263 1426 338 1490 Hoc
365 1416 470 1512 genus
501 1425 725 1513 complectitur
757 1428 823 1492 ind.
851 1438 911 1494 act.
933 1428 1018 1492 dual.
1040 1422 1179 1512 φίλητον

67 1527 139 1605 etc,
158 1546 285 1589 necnon
310 1535 321 1590 l
348 1537 379 1589 et
399 1531 418 1591 2
437 1549 524 1615 pers.
546 1528 644 1613 plur,
675 1523 792 1618 pilose
820 1541 879 1593 etc.
908 1529 958 1600 (cf.
981 1527 1105 1610 docem,
1126 1524 1178 1590 do

65 1629 191 1706 cemus),
212 1625 445 1710 imperfectum,
468 1619 604 1708 ε’γέλαν,
627 1619 744 1711 ἐφίλη,
767 1620 855 1702 odon
881 1627 971 1704 (Ahr.
992 1627 1082 1692 Aeol.
1108 1631 1177 1703 144)

65 1725 144 1804 ete,
171 1724 398 1809 imperativum
430 1716 491 1790 act.
523 1734 652 1811 praeter
680 1731 698 1792 3
725 1749 810 1812 pers.
833 1727 932 1813 plur.,
959 1722 1055 1809 γέλα,
1085 1718 1174 1808 φίλη,

66 1816 194 1906 φιλήτω
217 1825 371 1907 (atomo,
391 1823 474 1908 doce,
494 1823 620 1907 doceto),
642 1824 835 1890 infinitivum
852 1824 913 1890 act.
936 1819 1046 1912 φίλην,
1073 1817 1175 1904 νίκαν,

67 1916 245 2005 στεφάνων,
271 1925 424 2008 φορῆναι,
450 1934 524 2006 etc.;
548 1924 665 1988 deinde
679 1925 713 1988 in
727 1925 835 1990 medio
855 1925 1067 1990 indicativum
1081 1944 1174 2009 prae·

67 2021 163 2084 sentis
188 2032 220 2086 et
241 2023 425 2108 imperfecti
455 2028 605 2110 (excepta
625 2022 763 2090 Lesb.‘3
786 2046 870 2110 pers.
891 2020 987 2109 plur.)
1016 2015 1171 2108 φίλημαι,

10 2178 13 2197 2
69 2113 248 2205 φιλλιιεθα,
269 2115 435 2207 ἐφιλήμην
450 2131 517 2203 etc,
535 2124 773 2210 imperativum,
786 2122 979 2193 infinitivum
994 2116 1173 2208 φίλησθαι,

10 2206 13 2212 ’
71 2208 227 2301 tetradas
241 2226 333 2298 (casu
347 2223 555 2306 intestatum),
578 2224 618 2288 cf.
633 2222 729 2288 Hom.
743 2219 948 2311 μνᾶ-ασθαι,
966 2210 1173 2309 dod-eodum

71 2320 278 2408 participium¹
294 2314 484 2408 φιλήμενος,
511 2312 678 2401 ἀσᾶμενος
700 2320 754 2399 (cf.
774 2319 953 2398 amamini).
964 2323 1006 2407 il)
1172 2316 1176 2323 ¹

146 2418 251 2505 Pergo
267 2410 406 2508 denique
425 2421 468 2485 ad
482 2429 631 2508 quartam
648 2421 798 2507 speciem,
822 2443 904 2507 quae
919 2422 1023 2507 primo
1040 2405 1174 2507 aspectu

71 2521 241 2583 sententiae
264 2542 358 2584 meae
380 2519 549 2584 adversari
576 2520 718 2589 videtur:
746 2521 867 2585 formas
896 2518 968 2585 dico
997 2543 1078 2608 quac
1100 2512 1173 2584 ante

69 2624 106 2668 W
124 2628 300 2706 correptam
324 2617 446 2683 habent
472 2606 638 2702 vocalem,
672 2620 785 2708 quales
812 2641 906 2683 casus
939 2616 1061 2707 obliqui
1089 2629 1172 2706 part.

71 2720 128 2775 aot.
162 2705 326 2794 οἷ’κεντος,
362 2710 510 2801 ἔρρεπος
540 2717 630 2794 (Ahr.
662 2717 753 2784 Aeol.
785 2722 870 2800 142),
907 2717 1024 2783 similia
1052 2716 1173 2804 Arcad.

70 2797 238 2892 ἇόικέντα,
269 2810 468 2897 ζαμιόντες,
492 2815 639 2885 Thessal.
662 2810 909 2899 στροταγὲντος,
942 2814 1038 2880 Lesb.
1061 2817 1177 2905 imper.

69 2904 96 2967 3·
116 2915 155 2997 pl.
178 2911 412 2998 aocdypevtor,
444 2916 561 3005 quibus
589 2916 714 2983 accedit
736 2922 764 2984 3.
788 2938 872 3002 Pers.
895 2912 937 3001 pl.
961 2905 1093 2999 nibem}
1118 2903 1173 2997 φλ-

65 2993 147 3076 dem
169 3013 262 3092 (Ahr.
285 3014 376 3081 Aeol.
398 3022 472 3085 208:
495 3015 604 3102 potius
626 3005 750 3076 οἷκέντι
771 3021 843 3091 etc.)
870 3014 1012 3078 incertae
1033 3012 1172 3088 dialecti.

63 3094 125 3174 Sed
147 3115 180 3178 in
202 3105 375 3180 Arcadicis
396 3110 461 3183 illis
479 3109 528 3192 let
542 3123 671 3201 poterat
688 3114 784 3178 etiam
799 3115 833 3178 in
848 3115 975 3190 ceteris)
992 3116 1173 3206 correptio-¹

58 3213 134 3306 pem
164 3214 282 3301 longae
314 3202 440 3279 vocalis
472 3214 621 3298 agnoscit
656 3211 800 3297 Gelbke,
833 3222 977 3278 statuens
1008 3202 1176 3300 antiquius·

52 3299 236 3405 (ξόικῇντα,
264 3313 352 3399 quod
376 3313 430 3377 ille
452 3313 580 3396 derivat
608 3312 650 3376 ab
671 3302 882 3397 ‹idean-orto,
912 3335 972 3389 nos
1000 3323 1106 3376 autem
1129 3310 1171 3375 ab

48 3394 261 3496 “drap-oio.
278 3408 280 3411 ’
299 3401 422 3478 Facilis
439 3414 598 3498 correptio
614 3422 765 3497 sequente
781 3410 904 3498 duplici
916 3434 1075 3494 consona;
1088 3409 1179 3511 vide>

40 3506 141 3576 ‘luas
164 3512 219 3576 ille
241 3501 378 3579 adducit
398 3511 582 3597 analogias,
612 3498 643 3576 et
668 3511 715 3587 cf.
731 3533 813 3598 quae
835 3500 1026 3609 supradixi
1049 3508 1089 3572 de
1111 3500 1176 3601 aas

30 3615 269 3659 L-
621 3678 624 3684 ν
1172 3678 1176 3689 1

124 3700 169 3755 50)
189 3694 355 3749 Rettulerim
383 3693 419 3746 ad
448 3692 520 3745 hanc
548 3690 739 3744 formationem
764 3692 850 3743 verba
876 3685 1023 3742 Homerica
1047 3684 1115 3758 stripe
1143 3691 1174 3740 et

18 3757 156 3845 ”Qua
177 3780 269 3849 (Oonj.
290 3784 396 3848 κιχείω)
414 3781 445 3829 ut
461 3790 512 3846 pro
531 3775 678 3828 contractis
694 3774 857 3828 habeantur.
870 3774 988 3828 ‘Nomen
999 3786 1083 3842 aquo
1102 3771 1171 3823 illud

13 3826 199 3916 del'ivetur
216 3867 327 3934 praesto
346 3866 388 3915 est
405 3861 480 3930 apud
491 3858 673 3929 Hesychium:
693 3857 749 3918 ἄος.
784 3857 910 3911 Ceterum
929 3863 995 3910 noto
1015 3855 1167 3909 Schleiche-

10 3920 111 4035 {⁰¹¹¹
139 3946 246 4017 (Gomp.
265 3950 326 4014 815)
345 3947 455 4017 φιλήσω
473 3942 554 3996 simili
571 3943 651 3995 modo
671 3956 704 3994 ex
722 3943 867 4012 ‹pala-jaon
884 3941 1036 4010 explicare,
1061 3952 1170 3990 necnon

24 4018 180 4098 ’μΰσφ
203 4032 330 4098 δηλώσω.
1019 4048 1021 4055 ·
1082 4058 1085 4062 -

102 4113 252 4174 Curtius,
268 4119 370 4160 Studien.
384 4119 425 4160 m.
931 4111 961 4164 18
