2836 4784
156 304 217 424 182'
644 345 777 405 Benseler

153 548 323 624 utrumque
337 557 455 622 genus,
468 568 506 582 -
518 530 608 608 illud,
628 533 715 618 quod
726 521 787 608 [οἷς
798 534 833 600 in
855 522 899 611 ιξ
907 541 1110 621 correptum,
1141 533 1241 622 quand

154 645 203 704 est
223 636 487 717 vetustissimum,
509 640 615 698 mutat
628 643 797 699 accentum
819 643 851 700 et
864 658 923 723 per
936 657 1045 701 mneos
1054 636 1152 702 vcarus
1166 634 1241 700 utitu

153 739 288 826 proprio
310 759 368 802 suo
390 733 485 800 modo
508 732 709 817 declinandi,
730 770 772 781 -
792 734 854 801 hoc
876 735 963 824 quod
993 720 1049 813 to}
1076 737 1112 802 in
1140 723 1241 813 ι’ςόοι]

153 847 302 920 tractum,
326 833 456 923 quando
471 841 520 899 est
533 841 639 900 ortum
656 832 767 919 lingua
782 837 855 923 jam
869 845 1065 920 senescente,
1087 858 1153 902 non
1162 843 1241 924 potu

152 960 283 1003 movere
304 944 490 1016 accentum,
521 943 553 1000 et
580 933 724 1020 sequitur
751 934 785 998 in
808 937 959 1019 genetivo
981 945 1014 1001 et
1037 936 1150 1002 dativo
1171 934 1241 1002 decli

152 1037 261 1103 nando
282 1035 529 1102 declinationem
549 1033 730 1099 formarum
750 1054 815 1099 non
837 1044 1070 1122 correpturum.
1104 1035 1241 1124 Corrept

153 1139 252 1223 igitur
270 1138 437 1220 utriusque
458 1134 587 1219 generis
608 1134 810 1216 terminatio„
843 1133 902 1199 sed
930 1134 987 1202 illa
1008 1137 1156 1223 vigente,
1186 1126 1241 1202 hae

153 1245 342 1302 senescente
361 1235 489 1319 lingua:
511 1254 564 1297 res
579 1253 653 1315 una,
670 1233 722 1298 vis
737 1232 871 1320 dispar3
891 1249 1134 1324 nonnumquam
1147 1257 1241 1322 gener

152 1338 200 1402 ita
211 1337 325 1417 mixta,
347 1343 384 1400 ut
402 1331 534 1399 difficile
554 1332 596 1396 sit
612 1331 774 1419 judicatu,
795 1334 861 1398 utri
880 1334 952 1419 hoc,
974 1339 1039 1402 utri
1057 1335 1140 1402 illud
1162 1358 1241 1402 exer:

153 1436 243 1523 plum
264 1435 463 1515 tribuamus,
497 1430 583 1518 quod
604 1432 694 1497 utin
715 1432 777 1498 hoc
791 1423 962 1515 ’Όλυμπιν
988 1437 1038 1503 sic
1055 1436 1094 1501 fit
1115 1436 1241 1502 etiami

154 1528 276 1611 Ξένις
302 1558 334 1599 n.
358 1540 436 1602 1545
463 1533 497 1597 in
525 1533 622 1597 inser.
643 1531 810 1615 Patrensi,
842 1536 877 1600 in
897 1527 1059 1600 Au'uow
1079 1558 1112 1600 n.
1131 1535 1241 1604 32211

152 1636 249 1699 inser.
270 1633 392 1718 Lydia,
422 1655 521 1718 quum
546 1654 607 1697 nec
621 1624 776 1706 Λυσσίας
802 1657 863 1700 nec
883 1628 1037 1712 Λόσσιος
1064 1657 1182 1701 nomen
1200 1643 1241 1700 tn

154 1735 257 1799 ditum
280 1734 337 1815 sit,
369 1735 404 1798 in
429 1730 579 1807 Θεῦὁις
598 1731 696 1797 Anth.
718 1730 794 1816 XII,
819 1741 886 1804 178.
911 1741 969 1802 179
992 1757 1130 1819 quocum
1154 1735 1241 1799 ofni

153 1834 258 1899 lexico
280 1834 385 1920 patris
407 1833 539 1898 nomina
564 1825 749 1908 Θεύδιος
779 1833 895 1908 (Prool.
918 1835 961 1901 ad
982 1835 1088 1913 Eucl.)
1111 1844 1143 1900 et
1167 1826 1241 1898 (dari

154 1933 174 1997 d
181 1955 226 2018 ης
245 1933 378 2011 (Mionn.
399 1933 459 2015 ΠΙ,
482 1931 564 2008 203).

234 2034 348 2099 Restat
369 2033 481 2115 solum,
504 2042 539 2096 ut
561 2031 751 2099 deasceato
769 2037 933 2101 nominum
953 2036 989 2100 in
1011 2025 1122 2123 tffpro
1137 2035 1241 2123 vulga!

153 2123 209 2210 s—o}
227 2134 415 2199 exeuntium
435 2171 473 2180 —
495 2155 570 2197 nam
603 2131 644 2197 de
665 2133 716 2199 his
736 2158 824 2201 nunc
845 2134 947 2200 solum
970 2136 1079 2220 agitur
1100 2157 1241 2222 —pauc

155 2233 315 2322 quaedam
346 2232 477 2298 addam.
523 2230 622 2296 Hunc
647 2236 756 2320 posuit
780 2233 965 2301 Lobeekius
999 2236 1035 2300 in
1063 2259 1103 2301 ea
1132 2233 1241 2323 syllal!

154 2356 238 2422 quae
255 2342 405 2398 'accentu
425 2330 577 2396 utebatur
602 2331 637 2396 in
658 2334 766 2401 forma
786 2337 928 2421 integra,
950 2344 986 2400 ut
1004 2335 1163 2401 scriberet
1191 2323 1235 2396 Et

153 2429 267 2515 γένις
284 2424 485 2520 Ἀθήναις
506 2425 737 2497 [lollium
765 2430 981 2517 μαρτύριν.
1023 2433 1054 2500 Α
1076 2457 1140 2522 quo
1162 2432 1241 2498 differ

153 2533 352 2614 Boeekhius,
386 2554 479 2620 quem
501 2544 681 2621 sequuntur
701 2533 843 2613 Keihus,
868 2534 1081 2617 Welckerus,
1105 2534 1241 2600 Osannnr

153 2633 269 2722 reliqui
291 2634 347 2721 qui
368 2633 502 2698 nomina
524 2633 669 2721 ejusdem
691 2636 818 2720 generis
846 2644 1097 2718 enarraverunt3
1128 2633 1241 2700 hienis

154 2756 278 2816 omnes,
316 2734 464 2821 quamvis
490 2755 608 2820 parum
634 2734 669 2798 in
695 2756 733 2799 eo
763 2734 828 2799 sibi
849 2743 975 2800 constet
995 2734 1196 2817 Boeckhius,
1226 2733 1241 2796 ir

151 2832 337 2899 nominibus
357 2833 533 2920 ejusmodi,
556 2856 655 2921 quum
677 2842 751 2899 sunt
771 2836 899 2920 generis
921 2832 1108 2917 masculini,
1136 2833 1241 2899 restria

152 2943 232 3018 gunt
254 2940 436 3014 accentum,
464 2941 500 2997 ut
522 2931 668 2998 scribant
689 2924 881 3026 Eiiyevtc,
914 2927 1150 3018 Δήμητρις,
1178 2926 1241 2994 ‘lll-

33 3075 36 3081 ·
153 3030 292 3115 λαδις,
322 3055 419 3119 quum
441 3054 520 3099 vero
542 3043 617 3098 sunt
636 3035 765 3119 generis
791 3033 940 3099 feminini
962 3042 1019 3100 aut
1038 3035 1162 3117 neutri,
1186 3034 1241 3097 inte

152 3154 246 3217 grum
268 3133 302 3196 in
323 3153 363 3196 ea
384 3129 513 3217 syllaba
532 3131 732 3220 relinquunt,
765 3135 800 3198 in
836 3155 901 3221 qua
936 3142 1007 3199 erat
1035 3135 1070 3198 in
1096 3155 1175 3201 voce
1198 3151 1241 3195 nor

153 3241 321 3318 correpta,
361 3239 397 3296 ut
431 3230 577 3298 scribant
619 3227 868 3297 Katttom
906 3225 1118 3324 accedero.
1170 3231 1241 3296 Han·

154 3354 282 3397 omnem
303 3329 451 3414 regulam
476 3331 544 3398 solo
565 3333 625 3397 niti
646 3331 782 3399 arbitrio
811 3341 877 3398 tam
908 3335 1116 3420 perspicuum
1143 3342 1241 3413 estu

151 3431 283 3518 longum
319 3431 360 3495 sit
395 3429 491 3517 plura
524 3431 681 3518 proferre.
734 3431 842 3512 Quum
873 3433 960 3498 enim
991 3434 1090 3499 etiam
1119 3431 1241 3499 hodiem

153 3529 273 3597 Graeci
294 3552 367 3596 eam
389 3539 541 3599 accentus
563 3530 673 3597 sedem
707 3540 914 3616 conservent,
942 3535 1083 3620 quaein
1103 3554 1182 3598 voce
1197 3547 1241 3592 nor

152 3638 303 3717 correpta
325 3621 414 3712 erat,
443 3653 502 3694 nos
532 3639 638 3695 autem
664 3631 843 3698 viderimus
865 3632 950 3698 hane
970 3655 1100 3698 omnem
1120 3631 1241 3696 imminu

151 3730 273 3794 tionem
315 3717 365 3804 to}
398 3728 545 3816 syllabae
577 3729 621 3795 ad
652 3729 782 3797 ultimas
804 3732 934 3798 demum
964 3732 1097 3818 linguae
1119 3730 1241 3797 Graeca

151 3835 273 3900 aetates
294 3829 473 3916 pertinere,
503 3838 571 3893 tum
599 3829 676 3895 inde
698 3834 855 3897 transisse
874 3832 909 3896 in
932 3853 1115 3897 sermonem
1135 3829 1234 3916 Byzan

153 3927 308 4011 tinorum,
323 3937 486 4016 postremo
499 3929 603 4014 legem
620 3951 691 3993 esse
706 3929 826 3995 factam
846 3931 879 3994 in
893 3930 1007 4016 lingua
1022 3930 1241 3999 hodiernorum.

151 4060 191 4073 -
213 4026 335 4116 quade
355 4049 392 4093 re
413 4026 470 4093 etr.
492 4025 658 4095 Mullachii
686 4051 823 4113 gramm.
844 4029 865 4097 l.
889 4029 946 4096 Gr.
968 4028 1117 4117 vulgaris
1138 4051 1168 4117 p.
1191 4024 1241 4091 143·
