2836 4784
269 417 308 482 38
784 411 846 466 Rau

267 580 378 646 valere
408 579 568 654 vidimus3
607 589 638 644 et
664 579 760 666 longe
794 580 922 670 quidem
961 601 1115 643 numerus
1144 577 1291 642 locorum
1325 575 1379 639 ubi

268 672 360 764 ιιαρά
384 702 457 743 oum
473 678 583 743 dativo
597 678 718 743 dietum
742 690 802 765 est,
825 701 994 745 numerum
1006 677 1229 764 exemplorum
1252 676 1309 740 ubi
1329 697 1380 761 ge-

267 780 395 845 netivus
416 778 469 843 vel
489 779 695 844 aecusativus
718 781 842 866 positus
865 788 914 844 est
936 788 1078 865 superat.
1121 779 1204 842 Nam
1233 793 1309 840 oum
1330 797 1380 860 ge

267 880 377 944 netivo
411 878 602 943 coniunctae
631 880 885 966 praepositionis
917 878 1068 966 exempla
1097 883 1138 946 64
1165 877 1381 961 reperiuntur,

181 999 185 1005 ’
268 1001 342 1042 oum
362 979 549 1043 accusativo
567 985 634 1061 120,
657 1001 730 1044 eum
753 979 862 1044 dativo
886 979 962 1043 cire.
984 983 1054 1045 210.
1098 975 1381 1056 (1161111616-

268 1079 310 1143 tis
322 1077 544 1142 arithmeticae
557 1078 646 1164 leges
662 1079 846 1165 exprimere
856 1077 1006 1142 volumus
1028 1076 1166 1142 efficitur
1188 1099 1268 1141 usus
1291 1068 1382 1156 παρά

269 1200 341 1242 eum
364 1177 475 1242 dativo
497 1177 540 1242 ad
561 1200 656 1243 usum
678 1178 931 1265 praepositionis
953 1199 1027 1242 eum
1050 1176 1237 1241 accusativo
1266 1184 1303 1241 ut
1327 1175 1377 1257 l³l4

269 1277 312 1343 ad
335 1285 369 1357 13
400 1300 479 1342 usus
501 1270 594 1361 παρά
616 1300 689 1342 oum
712 1277 823 1342 dativo
846 1276 889 1341 ad
911 1299 1006 1341 usum
1033 1275 1288 1363 praepositionis
1312 1297 1382 1339 eum

268 1377 418 1463 genetivo
440 1385 477 1441 ut
497 1378 554 1459 3¹l2
571 1376 614 1441 ad
632 1385 656 1442 l.
677 1378 716 1442 In
737 1377 868 1464 hymnis
889 1376 1062 1441 homericis
1083 1375 1165 1440 haee
1186 1376 1270 1441 ratio
1293 1373 1382 1460 paul-

269 1475 369 1540 lulum
391 1475 517 1558 differt,
539 1498 615 1540 nam
635 1500 714 1543 usus
737 1500 811 1542 eum
834 1476 945 1541 dativo
966 1476 1010 1541 ad
1031 1499 1126 1541 usum
1149 1498 1222 1539 cum
1251 1495 1382 1540 aecusa-

267 1577 335 1641 tivo
357 1578 434 1640 ut'2
456 1574 499 1639 ad
524 1582 557 1657 1;
584 1599 663 1641 usus
685 1575 788 1642 dativi
811 1577 853 1642 ad
874 1599 969 1642 usum
997 1577 1140 1660 genetivi
1171 1583 1208 1640 ut
1231 1577 1267 1640 18
1290 1573 1334 1638 ad
1356 1580 1382 1654 7,

268 1675 355 1764 quod
381 1675 531 1760 proxime
561 1675 653 1739 abest
682 1699 702 1740 a
723 1682 742 1742 2
765 1676 809 1740 ad
833 1668 860 1742 1.
901 1676 1067 1760 Nonagies
1088 1674 1288 1761 praepositio
1311 1696 1383 1738 eum

268 1775 471 1840 substantivo
489 1775 571 1857 νηῦς
591 1775 680 1860 apud
695 1775 872 1840 Homerum
893 1775 1065 1840 coniuncta
1087 1783 1146 1855 est,
1172 1772 1258 1860 quod
1280 1795 1382 1861 paene

268 1872 436 1938 dimidium
457 1875 598 1938 omnium
627 1873 772 1939 locorum
798 1875 856 1956 ubi
887 1867 979 1956 παρά
1012 1896 1084 1938 oum
1115 1873 1225 1938 dativo
1255 1872 1382 1958 legitur,

268 1971 379 2055 efficia
400 1981 431 2036 et
453 1973 643 2059 saepissime
666 1974 797 2060 quidem
825 1970 918 2057 παρὰ
941 1969 1044 2057 νηυσί,
1069 1968 1125 2056 νηΐ
1143 1967 1256 2051 μένειν
1285 1972 1382 2048 (idem

152 2092 154 2095 ’
267 2071 357 2157 apud
370 2069 479 2158 Apuli.
492 2071 596 2137 Rhou
612 2071 645 2156 A
659 2078 731 2150 319)
752 2066 885 2154 μίμνειν
904 2072 1003 2149 (idem
1023 2072 1112 2159 apud
1127 2072 1236 2152 Quint.
1253 2071 1382 2157 Smyrn.

260 2169 316 2235 HI
338 2176 408 2236 744.
429 2170 477 2235 IV
494 2178 551 2238 105
575 2173 942 2239 61611611111111111167.
963 2172 1013 2237 III
1035 2177 1094 2239 362
1118 2175 1192 2247 616.)
1211 2164 1382 2250 μάχεσθαι

267 2279 299 2334 61
323 2268 441 2334 similia
463 2269 609 2356 legimus.

348 2368 461 2433 Verba
475 2391 493 2432 e
507 2369 624 2455 quibus
645 2362 735 2452 παρά
758 2394 831 2435 611111
853 2370 963 2435 dativo
984 2371 1032 2434 ita
1054 2391 1245 2456 suspensum
1270 2376 1330 2450 est,
1351 2376 1383 2432 ut

268 2490 441 2558 personam
457 2467 510 2532 vel
523 2467 630 2532 locum
644 2469 775 2551 indicet,
796 2469 854 2535 ubi
874 2469 909 2534 id
928 2469 965 2533 fit
987 2469 1073 2556 quod
1093 2469 1186 2533 verbi
1197 2468 1331 2532 notione
1344 2468 1381 2532 si-

270 2566 453 2651 gnificatur,
477 2566 558 2631 haee
575 2569 643 2631 fere
664 2577 753 2633 sunt:
774 2562 914 2648 μένειν
935 2569 1029 2655 apud·
1038 2568 1216 2633 Homerum
1239 2589 1266 2632 6.
1275 2590 1306 2651 g.
1327 2558 1384 2647 μα’-

266 2667 370 2744 χεσθε
390 2657 468 2749 παρ)
493 2657 668 2752 ἀλλήλοισι
686 2660 836 2750 μένοντες
858 2689 873 2730 ε
894 2674 955 2734 227
978 2675 1112 2732 616616.
1134 2689 1232 2753 quam
1252 2665 1382 2731 locutio-

267 2788 342 2830 nem
363 2763 508 2830 imitatus
530 2776 579 2831 est
600 2767 763 2852 Tyrtaeus
784 2765 818 2831 X
831 2774 877 2833 15.
897 2767 948 2831 XI
962 2774 1013 2850 11,
1033 2766 1131 2852 Hym.
1152 2766 1249 2830 Hom.
1268 2766 1301 2830 V
1313 2771 1381 2832 374.

266 2864 361 2930 Pind.
382 2864 480 2950 Pyth.
501 2866 551 2930 IV
572 2873 619 2934 86.
640 2867 785 2953 Hippon.
807 2866 901 2951 frgm.
922 2873 982 2950 323
1011 2867 1107 2928 νσῦσε
1128 2865 1264 2948 βαρεῖα,
1289 2858 1325 2928 τί
1345 2860 1381 2948 δὴ

147 2971 150 2976 ’
217 2977 239 3045 Ι·
267 2964 408 3059 Quint
435 2957 605 3046 μεγαίρεις
631 2957 826 3046 ἀνθρώπων
847 2960 945 3053 ἐρατῇ
966 2962 1035 3047 πὰρ
1059 2959 1182 3050 νεότητι
1203 2960 1314 3045 μένειν
1335 2965 1380 3030 Si·

268 3084 352 3126 mon.
378 3069 451 3146 1153
486 3057 587 3147 δούλη
617 3066 707 3143 μενῶ
738 3055 813 3146 παρ’
847 3056 936 3148 αὐτῷ
969 3064 1200 3129 Anacreontis.
1229 3063 1314 3130 XIV
1336 3071 1381 3145 211,

269 3161 355 3225 unde
369 3163 513 3226 maxima
529 3163 579 3226 vis
594 3161 770 3236 verborum
791 3165 1044 3250 compositorum
1064 3165 1204 3230 formata
1227 3172 1277 3227 est
1298 3163 1383 3228 velut

196 3346 200 3353 .
268 3253 464 3340 ααριίμσνσς
491 3255 726 3343 παραμόνιμσς
753 3257 931 3350 ααραμσνὴ
961 3272 1020 3328 616.
1062 3262 1210 3328 Verbum
1244 3263 1382 3351 redupli-

269 3368 378 3424 oatum
400 3383 418 3424 e
438 3355 526 3439 μένω
548 3361 682 3427 ductum
700 3356 833 3444 μίμνω
853 3386 926 3427 cum
947 3356 1040 3444 παρά
1063 3364 1269 3427 coniunctum
1292 3365 1384 3428 estN

269 3459 376 3524 7460
398 3465 457 3526 367
478 3469 538 3526 616.
573 3461 653 3527 Hes.
679 3462 742 3549 Op.
759 3468 833 3530 520.
868 3462 966 3548 Hym.
990 3462 1086 3526 Hom.
1106 3462 1123 3524 Ι
1146 3469 1175 3529 5.
1207 3456 1382 3543 μιμνάζειν

166 3562 170 3570 “
268 3561 298 3622 Β
320 3565 380 3626 392
403 3562 437 3621 Κ
456 3563 516 3627 549
539 3566 597 3626 ete.
640 3561 672 3626 A
694 3561 931 3648 significatione
952 3561 1045 3626 verbi
1065 3557 1174 3641 μένειν
1194 3584 1299 3648 prope
1329 3562 1380 3627 ab·

269 3669 318 3725 est
329 3656 529 3745 δηθύνειν
543 3681 563 3724 6
578 3661 685 3746 poetis
700 3670 893 3748 usurpatum
905 3670 938 3726 et
951 3657 1118 3727 rarissime
1130 3660 1271 3748 quidem.
1293 3683 1318 3741 μ
1331 3667 1380 3728 121

269 3760 397 3827 Coluth.
414 3765 484 3828 338.
498 3796 539 3807 —
554 3748 674 3822 εἶναι.
697 3753 813 3842 ἔμεναι
832 3752 910 3843 παρ’
924 3753 1007 3845 ἔργῳ
1025 3782 1052 3844 φ
1067 3766 1136 3833 239.
1152 3764 1213 3826 385
1230 3770 1291 3826 616.
1303 3761 1383 3827 Plat.

267 3859 406 3924 Phaedr.
419 3865 478 3926 243
491 3859 530 3924 Ε.
556 3849 732 3922 κεῖσθαι
745 3856 838 3943 παρὰ
857 3854 968 3947 νήεσσι
979 3857 1129 3928 Λ386Σ
1133 3864 1191 3926 338
1201 3858 1385 3928 Quanta.

269 3967 328 4022 eto.
351 3956 450 4045 Soph.
470 3957 508 4023 Ο.
521 3956 557 4024 O.
572 3962 642 4023 972.
663 3957 742 4023 Eur.
762 3958 805 4024 H.
815 3960 854 4024 F.
875 3966 933 4026 145
953 3968 1012 4024 616.
1033 3952 1272 4038 κατακείμενος
1293 3954 1385 4039 παρὰ

269 4057 308 4144 τῇ
329 4050 460 4139 γυναικί
478 4056 558 4144 Lys.
578 4056 663 4129 124.
687 4053 780 4143 παρὰ
800 4060 848 4144 τῷ
869 4051 1036 4144 καλλίστῳ
1057 4057 1104 4124 Pl.
1117 4057 1220 4126 Conv.
1241 4062 1386 4126 213.223·
