2836 4784
152 360 192 426 84
689 348 752 406 Rau
787 370 790 375 ·

151 523 301 609 exempla
327 544 491 608 apponam
518 519 654 583 XXXX
675 526 722 586 211.
750 518 868 583 XXIX
890 523 938 584 52.
955 517 1092 599 xiie,
1114 523 1163 581 42.
1191 517 1258 580 Ari-

152 621 297 687 stotelem
328 621 519 707 saepissime
547 619 790 707 praepositione
819 611 913 700 παρά
940 617 976 681 vi
1004 615 1147 682 coussali
1173 638 1259 680 usum

152 743 222 784 esse
245 720 484 785 demonstravit
498 719 685 784 Euokenius
707 717 740 796 (l.
763 718 782 783 l.
804 742 835 805 p.
858 722 929 794 61..)
972 715 1078 781 Usum
1096 714 1260 784 Plutarchi

151 818 246 884 facile
277 842 318 884 ex
350 819 457 884 indice
490 817 733 907 Wyttenbachii
771 838 959 904 cognoscas.
1019 815 1073 879 Ex
1103 815 1260 879 inferioris

152 920 267 984 aetatis
286 919 499 1006 scriptoribus
525 918 606 982 haec
628 917 773 983 attulisse
795 919 875 983 satis
894 916 943 980 sit.
979 907 1120 978 εκάστου
1143 909 1212 996 γὰρ
1227 908 1259 998 δὴ

150 1011 241 1081 ἴδιόν
261 1040 294 1080 τι
316 1012 457 1080 καλόν’
441 1038 538 1080 εστιν.
582 1008 612 1079 εἰ
642 1011 678 1079 δὲ
698 1018 796 1079 τοῦτο
824 1007 1039 1092 ἐναλλάξειας
1060 1003 1255 1087 ἀκαλλες
1227 1032 1258 1073 το

152 1108 232 1178 αοτὸ
263 1113 355 1198 παρὰ
384 1114 442 1203 τὴν
470 1118 584 1203 χρῆσιν
611 1109 756 1198 γίγνεται
787 1117 808 1180 i.
833 1137 860 1179 e
881 1114 953 1201 ipso
975 1136 1061 1195 usu,.
1077 1135 1137 1199 per
1160 1113 1255 1197 ipsun

151 1217 236 1280 huuc
274 1239 366 1281 usum
401 1217 479 1280 Luc.
518 1215 559 1279 de
596 1237 720 1280 consor.
756 1214 830 1278 hist.
862 1213 921 1276 XI
959 1212 1010 1290 (cf.
1043 1210 1118 1275 Frit
1120 1208 1256 1274 nsohiun

154 1315 285 1395 Quaest.
308 1315 387 1379 Luc.
409 1338 440 1401 p.
467 1321 545 1392 125).
567 1310 660 1397 παρὰ
680 1310 719 1376 τὸ
741 1309 890 1395 μέγεθος
908 1312 975 1373 τῶν
996 1304 1205 1394 πραγμάτων
1224 1307 1256 1372 id.

109 1475 111 1481 .
154 1415 229 1481 dicl.
251 1424 346 1480 mort.
369 1414 437 1478 XII
458 1423 485 1482 5.
528 1404 612 1494 παρ’
643 1405 741 1500 αὐτὴν
766 1409 825 1499 τὴν
847 1404 958 1475 αἰτίαν
986 1409 1088 1476 Diod.
1113 1409 1179 1474 Sic.
1199 1408 1216 1472 I
1233 1430 1256 1494 p.

152 1521 222 1581 611.
264 1509 357 1593 παρὰ
376 1511 415 1575 τὸ
437 1516 542 1598 μῆκος
564 1513 623 1580 Iul.
652 1537 683 1600 p.
705 1520 725 1582 8
747 1514 789 1586 D.
832 1500 1089 1599 ἡάρχαίαἸοὶς
1107 1502 1256 1589 μετέπεσε

151 1608 244 1692 παρὰ
264 1607 409 1697 τὴντῶν
430 1607 672 1676 κατοικούντων
692 1607 898 1697 περιτροπὴν
927 1609 1026 1695 Greg.
1042 1609 1120 1675 Cor.
1136 1608 1178 1672 de
1191 1604 1254 1671 dial

112 1787 114 1795 y
150 1711 221 1776 Ion.
242 1715 262 1793 6
284 1717 333 1776 79.

236 1810 435 1896 Saepissime
463 1833 534 1875 cum
562 1813 686 1876 neutris
716 1811 942 1898 pronominum
969 1808 1145 1873 coniuncta
1165 1795 1253 1885 ’παρά

153 1912 354 1997 praepositio
390 1908 587 1974 intellectum
617 1910 799 1975 caussalem
833 1909 941 1973 hebet.
954 1908 995 1983 25)
1042 1901 1139 1986 παρὰ
1169 1905 1254 1966 τοῦτο

153 2019 328 2096 propterea
350 2008 432 2077 Xon.
455 2007 557 2095 Hipp.
579 2008 596 2072 I
617 2016 645 2075 5.
674 2009 759 2074 Plat.
780 2008 842 2094 leg.
862 2008 912 2072 IV
934 2011 1002 2072 715.
1034 2004 1131 2068 Dem.
1151 1995 1254 2066 XXIV

153 2114 222 2174 214.
243 2107 321 2171 Mid.
342 2114 391 2176 61.
413 2106 566 2173 Aeschin.
587 2107 746 2176 sssum
763 2113 830 2175 131.
850 2105 965 2192 Polyb.
978 2103 1030 2168 HI
1047 2111 1095 2171 16.
1118 2099 1255 2167 XXVIII

124 2234 126 2238 ’
155 2214 202 2272 11.
225 2207 266 2276 de
287 2230 348 2272 usu
363 2206 557 2272 Plutarcheo
571 2231 601 2272 v.
617 2206 915 2292 Wyttenbachium.
937 2202 1123 2277 (Animcdv.
1138 2203 1174 2266 Π
1187 2205 1256 2276 332)

152 2304 290 2392 Dionys.
317 2304 392 2370 Hal.
423 2328 471 2392 ep.
502 2306 545 2370 ad
565 2306 678 2392 Pomp.
706 2310 796 2388 617.
840 2306 880 2370 cf.
901 2303 1090 2388 Kriigerum
1114 2287 1261 2387 (Dionys.

140 2403 240 2468 'Hist
274 2427 304 2490 p.
330 2411 381 2481 40)
412 2401 504 2485 παρὰ
537 2407 634 2467 τοῦτο
667 2397 876 2484 ἀπολόμενοι
904 2393 990 2482 παρ)
1025 2395 1107 2464 ὅσον
1139 2395 1258 2487 πλήθει

154 2496 310 2578 ἐλάττους
340 2497 525 2588 εὑρέθησαν
551 2503 730 2569 Herodian.
753 2504 854 2585 vlo,
880 2506 926 2568 12.
952 2499 1259 2566 temtamina

154 2600 241 2688 quod
258 2624 392 2668 numero
410 2602 580 2667 inferiores
601 2605 724 2669 inventi
745 2614 821 2668 sunt
844 2609 1026 2687 pereuntes.
1061 2597 1173 2664 semel
1178 2589 1261 2681 παρὰ

90 2770 93 2776 ,
152 2702 257 2762 ταῦτα
274 2700 393 2787 legitur
407 2700 495 2786 apud
509 2701 780 2767 Demosthenemt
801 2702 896 2787 Lept.
874 2704 971 2766 t110
989 2692 1082 2780 παρὰ
1104 2719 1153 2776 τις
1174 2713 1264 2807 quum

153 2801 194 2865 ob
213 2799 389 2864 caussam?
409 2800 565 2864 Dinarch.
583 2800 672 2866 Ι72
693 2799 808 2886 Polyb.
830 2800 916 2866 132
938 2796 1088 2862 XXVIII
1115 2804 1161 2863 ll.
1184 2781 1264 2876 παρ’

67 2943 68 2946 ,
154 2891 309 2981 ἑκάτερον
331 2898 373 2965 ob
396 2898 532 2967 alteram
554 2923 572 2963 e
595 2899 720 2964 duabus
743 2901 869 2963 caussis
888 2897 968 2961 Luc.
989 2895 1029 2960 de
1051 2917 1179 2961 consor.
1198 2895 1269 2960 hist

152 2997 196 3060 X.
230 2996 281 3074 (cf.
308 2997 419 3062 Herm.
448 3021 479 3084 p.
502 3003 563 3077 73)
611 2988 694 3080 παρ’
724 2992 744 3060 ὅ
773 2997 962 3084 plerumque
991 2987 1082 3077 τιαρό
1111 2996 1269 3081 scriptum

152 3095 253 3159 Arist
272 3096 344 3160 mir.
367 3096 439 3161 aud.
462 3103 511 3165 58
550 3097 635 3162 Plut.
663 3096 746 3163 Mor.
768 3102 828 3165 895
849 3095 879 3159 Ε
903 3104 963 3160 etc.
1004 3093 1099 3159 Philo
1127 3095 1203 3160 Iud.
1231 3094 1269 3159 d<

156 3196 335 3259 circumcis.
356 3218 387 3281 p
410 3202 477 3263 625.

239 3293 292 3358 Ab
315 3317 376 3359 usu
398 3295 538 3360 osussali
558 3318 624 3360 non
646 3295 820 3361 admodum
842 3294 992 3358 diversus
1012 3293 1091 3356 est
1081 3316 1123 3376 rs,
1145 3315 1212 3379 quo
1236 3295 1269 3358 i1

112 3464 116 3470 ,
156 3394 275 3479 etymis
312 3395 534 3478 significandis
566 3397 706 3480 ponitur,
740 3404 772 3458 et
799 3395 905 3480 primo
937 3392 1068 3479 quidem
1091 3415 1113 3456 ιι
1133 3391 1269 3458 Platon⁴

156 3492 278 3557 dictum
311 3504 360 3558 est
389 3490 508 3575 χοροὺς
540 3485 750 3574 ὠνομακέναι
777 3489 870 3574 παρὰ
899 3494 958 3576 τῆς
983 3493 1091 3574 χαρᾶς
1123 3485 1269 3578 ἔμφυτοι

155 3581 264 3672 ὄνομα
286 3593 347 3678 leg.
369 3599 439 3660 654.
478 3593 566 3659 Orat.
590 3597 650 3659 399
671 3592 711 3656 A.
754 3587 846 3674 παρὰ
875 3587 994 3653 τὸτοῦ
1018 3583 1142 3672 ἔρωτος
1162 3583 1269 3672 drop:

86 3699 88 3702 ⁴
152 3684 237 3752 ὅθεν
259 3685 431 3772 γεγόνασιν
453 3683 484 3755 oi
515 3687 621 3778 ἥρωες
649 3685 862 3816 παρηγμένον
884 3683 971 3752 ἐστὶν
991 3679 1157 3814 ὀνόματος
1174 3685 1269 3774 χάριι

153 3845 363 3857 *.—

221 3927 267 3992 25)
284 3923 462 3979 Recentiores
484 3924 630 3993 scriptores
652 3921 732 3975 latini
751 3938 806 3992 per
827 3921 887 3977 hoc
906 3939 961 3991 por
985 3920 1056 3973 hacc
1073 3920 1202 3974 dixerunt
1215 3930 1269 3991 pfl

149 4015 308 4079 propterea.
331 4007 366 4064 cf.
384 4006 489 4061 Handii
507 4005 626 4060 Tursell.
644 4005 686 4062 IV
701 4010 760 4061 445.
