2836 4784
436 366 471 421 de
488 367 693 440 praepositione
713 367 801 442 παρά.
1135 380 1175 441 67

58 529 147 597 ribus
169 532 252 599 locis
276 533 374 605 Pluto
393 535 636 622 praepositione
653 534 796 600 intellect
783 546 819 601 tu
836 539 1008 624 temporali
1028 563 1105 606 usus
1128 551 1177 606 cst
1271 604 1278 621 ,

63 630 181 696 velut
172 650 207 696 ιιι
235 633 324 699 Prot.
348 639 408 701 325
427 633 486 697 D.
513 635 626 699 nutrix
653 647 685 699 et
713 646 816 700 muter
847 648 879 701 et
905 638 1116 725 paedagogus
1145 651 1177 704 ot

66 728 126 814 ipse
151 742 250 818 pater
270 734 356 796 inter
377 754 413 796 se
434 741 560 796 certent
580 742 616 797 ut
636 755 733 820 quom
747 746 897 820 optumus
919 740 1039 802 existat
1060 733 1177 814 ὀπαῖς

10 901 12 907 Ι
71 851 125 910 ουρ
170 829 310 895 ἕκαστον
337 825 433 913 ἔργον
462 828 517 894 καὶ
549 825 650 914 λόγον
683 827 897 909 διδασκοντες
926 833 982 898 καὶ
1010 831 1176 900 indomi-

74 949 152 1006 μενοι
185 932 207 998 i.
241 954 268 995 e.
294 953 354 1018 per
381 953 642 1018 unamquamque
669 933 829 997 actionem
857 942 889 997 ct
919 934 1093 1000 dictionem
1122 937 1175 1002 vel

79 1049 105 1092 eo
120 1031 189 1116 ipso
213 1040 360 1117 tempore
382 1052 444 1116 quo
466 1029 608 1116 quidque
630 1029 739 1095 vellit
762 1030 813 1096 vel
836 1032 965 1100 dicitur.

145 1127 210 1194 Sed·
234 1129 350 1195 ordine
371 1128 597 1215 chronologico
618 1128 767 1216 neglecto
795 1133 959 1196 tricosus
979 1156 1100 1218 genero
1125 1158 1175 1199 su·

84 1251 126 1314 pra
145 1237 332 1294 enumerato
354 1228 512 1315 exemplis
529 1227 693 1293 illustrare
708 1229 816 1315 placet
835 1241 866 1294 ot
880 1233 1020 1317 primum
1041 1234 1173 1319 quidem

85 1328 217 1393 derebus
240 1337 388 1416 tempore
408 1328 587 1393 coniunctis
610 1329 657 1393 ita
677 1339 712 1392 ut
736 1326 871 1393 alteram
903 1342 970 1395 tem
998 1331 1054 1396 diu
1076 1355 1175 1420 quam

88 1426 196 1492 alteram
217 1426 289 1491 fieri
310 1425 482 1510 indicetur,
505 1426 663 1492 dicamus.

147 1527 343 1615 Saepissime
372 1523 465 1610 παρὰ
494 1520 605 1590 πάντα
630 1524 691 1590 τὸν
717 1520 791 1607 βίον
820 1527 910 1594 velut
936 1528 1019 1595 Plct.
1040 1529 1102 1617 leg.
1123 1530 1174 1596 IV

88 1630 128 1690 111
145 1650 225 1714 resp.
246 1627 297 1692 III
323 1633 384 1694 412
412 1626 453 1692 D.
480 1623 585 1711 [παρὰ
617 1623 677 1690 τὸν
697 1619 773 1706 βίον
803 1622 935 1690 ἅπαντα
955 1627 1016 1714 leg.
1039 1629 1070 1693 V
1092 1629 1174 1717 733J.

88 1722 157 1790 Deru.
173 1726 254 1791 Mid.
278 1731 327 1793 50.
349 1723 443 1807 corpor
464 1720 575 1788 πάντα
597 1721 654 1790 τὸν
675 1719 752 1807 βίον
773 1722 1039 1810 παρατείνουσαν
1060 1725 1117 1791 καὶ
1140 1725 1174 1792 ἐν

87 1823 160 1889 nortl
184 1828 292 1909 καιρῷ
320 1825 421 1891 Arist.
450 1825 561 1910 Magn.
585 1825 629 1890 M.
655 1824 760 1893 1208b
784 1833 811 1892 5.
841 1836 873 1891 et
899 1819 982 1907 παρ’
1015 1823 1095 1890 ὅλον
1115 1824 1174 1891 τὸν

86 1915 139 1998 βίον
156 1925 242 2013 apud
264 1927 462 2013 posteriores
491 1924 577 1989 solos
605 1926 782 2010 scriptores
812 1934 847 1989 ut
874 1927 1013 1994 videtur.
1056 1927 1173 2013 Polyb.

85 2015 284 2092 11511110.
325 2024 465 2111 Longin.
497 2023 538 2089 de
567 2022 649 2089 subl.
680 2023 731 2088 lX
758 2029 788 2090 3.
827 2024 913 2090 Ρ1υ1.
943 2025 1024 2091 Μον.
1057 2032 1115 2092 112
1135 2026 1173 2090 Β.

86 2124 124 2188 132
134 2123 170 2188 Β.
196 2125 277 2190 Luc.
291 2124 383 2209 Nigr.
406 2122 516 2188 XXX.
540 2125 731 2209 saepissime
753 2125 850 2187 etiarn
873 2122 965 2207 παρὰ
989 2118 1098 2187 πάντα
1116 2122 1173 2187 τὸν

80 2216 172 2300 χρόνον
204 2223 327 2288 dictum
359 2233 417 2289 est.
459 2222 544 2287 Plet.
574 2223 697 2288 Phood.
736 2229 792 2290 116
816 2224 853 2287 Β.
893 2223 1021 2290 Menex.
1051 2230 1112 2290 219
1135 2224 1170 2290 Ο.

78 2313 154 2388 lsoor.
176 2323 243 2388 XV
263 2328 311 2392 48.
354 2322 449 2388 Dem.
473 2322 501 2387 V
523 2329 551 2388 2.
574 2323 615 2388 de
643 2345 708 2387 cor.
733 2331 778 2390 111.
800 2323 869 2388 XX
890 2330 939 2389 22.
964 2329 1031 2391 142.
1052 2323 1171 2388 XXIII

81 2422 127 2489 181.
169 2421 255 2488 Plut.
279 2420 395 2508 Gomp.
423 2421 493 2486 Nic.
522 2443 549 2487 c.
579 2422 691 2502 Crass.
717 2421 767 2487 lII
792 2423 847 2489 fin.
891 2423 964 2488 Ael.
984 2434 1050 2490 not.
1074 2427 1171 2489 onim.

78 2516 120 2585 Vll
136 2528 187 2590 23.
231 2517 325 2604 παρὰ
355 2515 464 2583 πάντα
493 2517 551 2584 τὸν
580 2518 728 2603 θόρυβον
748 2520 805 2587 καὶ
825 2520 883 2587 τὸν
901 2519 1020 2606 χρόνον
1041 2525 1171 2590 Heliod.

70 2617 147 2686 leth.
170 2619 188 2684 Ι
207 2623 251 2687 13.
279 2620 385 2686 Simili
405 2622 531 2688 ratione
545 2620 760 2710 explicandae
773 2633 847 2688 sunt
870 2623 1048 2688 locutiones
1077 2621 1170 2705 παρὰ

65 2721 169 2784 πᾶσαν
188 2715 248 2806 τὴν
269 2713 350 2784 ὁδόν
376 2719 478 2786 Isocr.
499 2719 548 2785 IV
573 2726 641 2789 148.
682 2717 775 2802 παρὰ
798 2723 911 2783 πᾶσαν
938 2720 995 2808 τὴν
1013 2717 1172 2807 χορηγίαν

61 2813 149 2900 βίαια
172 2814 299 2883 παθών
321 2820 415 2885 Dem.
436 2819 515 2885 Min
544 2842 614 2906 cop.
634 2822 653 2888 Ι
677 2816 960 2905 παρηκολούθησε
981 2814 1064 2901 παρ’
1090 2818 1171 2906 ὅλην

59 2916 107 3005 τὴν
128 2912 340 3001 λειτουργίαν
360 2918 404 2986 ib.
427 2941 499 3006 cap.
514 2918 604 2986 XVI
641 2917 734 3004 παρὰ
755 2914 879 3005 ταύτην
900 2919 956 3006 τὴν
978 2913 1171 3007 ἀποδημίαν

59 3017 133 3085 def.
155 3019 220 3106 leg.
244 3024 311 3086 172.
353 3015 446 3099 παρὰ
479 3013 588 3082 πάντα
620 3017 677 3083 τὸν
706 3014 806 3103 λόγον
832 3021 875 3085 id.
902 3022 969 3084 XX
992 3028 1041 3089 56.
1084 3013 1167 3103 παρ’

58 3111 131 3183 ὅλον
164 3116 224 3185 τὸν
250 3109 363 3201 ἀγῶνα
395 3118 436 3184 de
469 3140 535 3184 cor.
563 3123 602 3184 34
635 3119 752 3206 Polyb.
778 3120 866 3187 151.
913 3115 932 3206 ἡ
967 3114 1044 3207 τύχη
1075 3118 1168 3204 παρὰ

56 3211 151 3282 πάντ’
177 3213 247 3284 ἐστὶ
271 3209 313 3281 soi
341 3220 408 3282 τῶν
436 3211 629 3301 ἀνθρώπων
662 3212 843 3302 πράγματα
875 3220 970 3286 Dem.
1000 3220 1106 3286 0111
1130 3228 1169 3287 22

56 3317 138 3384 idem
180 3317 271 3407 apud
304 3317 450 3404 Alciphr.
476 3316 527 3382 ΠΙ
559 3323 609 3402 44,
643 3324 671 3386 3.
722 3319 762 3383 In
788 3319 850 3384 hoc
879 3342 939 3384 usu
966 3319 1059 3402 πυρά
1095 3343 1169 3386 oum

55 3416 154 3484 lutino
170 3440 234 3504 per
255 3439 392 3505 prorsus
414 3419 572 3504 congruit.

134 3516 279 3582 Secundi
300 3518 430 3603 generis
453 3514 605 3603 exempla
624 3525 699 3581 sunt
712 3538 751 3580 ea
765 3517 881 3604 quibus
903 3518 984 3583 nihil
1005 3521 1068 3584 nisi
1090 3529 1168 3583 tom·

57 3618 141 3700 poris
166 3617 354 3682 coniunctio
379 3616 557 3732 sigpificnri
574 3616 720 3697 videtur·
745 3619 836 3683 ouius
859 3621 988 3704 generis
1003 3617 1167 3704 exemplo·

58 3735 121 3780 rum
136 3716 312 3799 maximus,
332 3718 508 3804 praecipue
523 3716 611 3802 apud
633 3717 830 3803 posteriores
851 3719 1036 3804 scriptores,
1058 3739 1166 3780 nume·

60 3833 106 3878 rus
128 3813 259 3900 legitur,
282 3838 478 3904 quemquem
498 3817 564 3880 ianr
555 3815 675 3932 apud
695 3826 841 3881 oratores
856 3816 936 3880 tolia
948 3817 1166 3881 inveniuntur.

63 3909 145 3994 παρὰ
167 3915 321 3978 τοιοῦτον
341 3912 519 3998 κυιρὸνν
484 3899 569 3978 ἐν
541 3936 568 3998 ῳ
595 3911 653 3978 καὶ
682 3936 747 3977 τιον
772 3937 806 3978 ευ
828 3907 1086 3979 nsnooio'rwr'
1073 3908 1168 3996 ἔργον

64 3997 96 4094 ἦν
113 4005 219 4117 εὑρεῖν
245 4013 340 4080 Dem.
362 4015 456 4103 Lept
478 4021 527 4081 41.
553 4010 645 4098 παρὰ
672 4035 750 4090 τους
769 4008 945 4097 μεγίστους
964 4035 1103 4095 κυιρυνς
1122 4012 1167 4077 ib.

922 4111 958 4168 5*
