2836 4784
428 382 463 437 de
481 381 687 454 praepositione
705 382 793 456 παρά.
1124 384 1163 450 13

46 549 151 615 verbis
186 572 383 637 suspensum
411 549 562 636 legimus,
595 552 705 616 tricies
739 548 780 615 de
801 550 967 637 personis,
989 549 1101 614 tricies
1121 547 1163 613 de

46 649 139 713 rebus
162 648 288 713 dietum
310 672 382 715 esse
404 652 612 737 reperiemus.
654 647 829 715 Permultis
857 647 937 713 locis
958 644 1051 730 παρὰ
1073 642 1161 732 νηός,

45 751 128 833 νηῶν
151 747 293 833 legimus
317 745 427 832 [semel
442 745 533 828 παρὰ
554 752 657 836 ναῦφι
671 742 810 812 νέεσθαι
827 747 847 825 ξ
857 746 931 833 498]
957 749 1163 812 coniunctum

45 870 114 913 cum
138 843 258 910 ἐλθεῖν
278 850 314 908 Ν
332 853 391 914 744
421 853 536 930 χ431;
564 870 637 912 cum
667 838 816 922 ἀνιόντες
837 841 926 914 Ξ28
948 867 968 906 κ
993 851 1060 925 146,
1082 851 1163 926 274;

43 969 114 1012 oum
149 939 398 1029 ἀπονοστήσειν
424 948 468 1009 Μ
495 953 573 1028 114;
607 968 680 1011 cum
711 937 924 1010 ἀπονέεσθαι
955 939 988 1011 Ξ
1009 950 1066 1025 46;
1091 966 1164 1009 cum

47 1039 282 1129 φθεγξάμενος
303 1047 342 1107 Λ
364 1051 439 1128 663;
472 1066 544 1110 cum
568 1037 777 1109 ἀπώσασθαι
803 1044 833 1108 Θ
854 1043 961 1111 5330
984 1051 1061 1126 4073
1090 1065 1163 1108 cum

43 1138 130 1206 ἑλεῖν
156 1149 188 1205 Τ
209 1151 277 1226 143,
304 1150 370 1225 194,
397 1154 448 1209 ter
474 1139 640 1224 παλίωξις
659 1141 750 1228 παρὰ
778 1145 864 1229 νηιῦν
889 1143 917 1206 0
939 1149 989 1210 69.
1010 1149 1082 1209 446.
1103 1149 1158 1210 oct

44 1253 160 1308 exstat.
204 1244 350 1330 Itemque
383 1243 471 1330 apud
500 1254 614 1330 poetas
643 1246 839 1309 recentiores
862 1243 973 1329 epicos
994 1243 1063 1307 eius
1085 1264 1163 1306 usus

44 1341 197 1429 exempla
219 1351 350 1406 exstant
371 1353 407 1407 ut
428 1342 517 1430 apud
538 1342 646 1430 Apoll.
667 1343 772 1411 Rhod.
794 1343 844 1409 III
867 1349 937 1410 568.
979 1339 1109 1406 Deinde
1130 1342 1168 1403 in.

46 1439 248 1505 carminibus
274 1440 458 1506 Homericis
496 1442 653 1529 legimus:
687 1435 855 1532 ἠριγένεια
889 1432 967 1522 παρ’
994 1432 1164 1504 Ὠκεανοῖο

45 1533 207 1624 ῥοάων-
218 1534 420 1622 ἐπερχομένη
440 1563 461 1619 χ
484 1547 542 1609 197
554 1567 562 1624 ς
589 1553 621 1608 et
635 1545 826 1630 saepissime
840 1534 937 1627 ξίφος
950 1535 1166 1620 ἐρυσσάμενος

40 1640 94 1705 ¹vel
129 1633 367 1719 σπασσάμενος
392 1638 486 1721 παρὰ
513 1643 635 1727 μηροῦ,
665 1642 727 1708 hoc
746 1646 785 1706 A
808 1648 866 1708 196
892 1644 922 1701 Φ
947 1646 1005 1707 173
1029 1662 1042 1701 ι
1062 1645 1164 1706 36οκ

46 1745 110 1807 126.
135 1744 207 1806 294.
230 1744 301 1805 321.
324 1746 384 1808 535
406 1737 491 1822 124,
511 1747 552 1809 48
574 1741 612 1806 cf.
635 1742 737 1807 Noun.
749 1741 846 1806 Dion.
860 1740 908 1806 IV
923 1745 983 1806 412
996 1732 1164 1820 μάχαιραν

45 1832 86 1921 ἕρ.
119 1861 157 1902 π.
189 1839 306 1921 μηροῦ,
334 1837 416 1902 illud
436 1840 475 1900 Π
490 1845 551 1907 473
582 1862 602 1901 κ
622 1846 686 1908 439
712 1838 824 1908 1231.
867 1839 1017 1924 Denique
1040 1839 1072 1900 A
1094 1844 1164 1907 468.

44 1933 173 2016 πλευρά
198 1928 276 2017 παρ’
301 1929 445 2014 ἀσπίδος
465 1933 666 2024 ἐξεφαάνθη.
708 1940 821 2024 Neque
842 1940 875 2004 in
897 1939 1027 2025 hymnis
1043 1937 1163 2002 Home·

43 2039 118 2101 ricis
158 2058 264 2122 neque
302 2038 337 2100 in
375 2039 591 2103 recentiorum
630 2039 797 2126 epicorum
844 2036 1043 2103 carminibus
1085 2036 1164 2100 talia

45 2135 197 2222 exempla
219 2135 344 2218 desunt,
367 2158 409 2201 ex
434 2137 550 2224 quibus
567 2136 649 2203 duos
662 2137 751 2204 locos
767 2155 949 2225 apponam:
970 2130 1062 2218 παρὰ
1085 2156 1163 2215 κρο-

42 2231 156 2318 τάφων
179 2256 215 2297 τε
237 2228 379 2315 παρειαί
395 2269 436 2282 -
454 2226 525 2299 άπὸ
539 2233 658 2320 κρατὸς
669 2238 780 2318 χαρίεν
792 2231 965 2314 κατέχουσι
982 2227 1164 2314 πρόσωπον

44 2335 162 2422 Hymn.
192 2334 289 2399 Hom.
319 2335 439 2399 XXXI
463 2343 496 2402 11
529 2336 591 2412 (ed.
614 2336 829 2414 Baumeister)
852 2345 884 2399 et
906 2328 1029 2415 ἐρύσας
1055 2331 1163 2397 ἵππον

47 2430 137 2514 παρὰ
159 2429 288 2520 φάτνης
308 2435 415 2499 Noun.
435 2435 532 2501 Dion.
553 2435 571 2499 I
592 2440 661 2502 269.
706 2436 898 2522 Lyricorum
930 2433 992 2500 loci
1019 2432 1053 2497 hi
1080 2445 1162 2497 sunt.

50 2531 137 2598 Pind.
165 2533 300 2621 Olymp.
330 2535 412 2601 Va.
439 2535 535 2621 Pyth.
555 2535 572 2599 I
593 2542 643 2603 76.
669 2535 765 2622 Pyth.
787 2535 837 2600 III
857 2541 896 2602 66
920 2544 953 2599 et
973 2535 1007 2599 X
1028 2539 1068 2600 62
1090 2533 1162 2599 coll.

47 2654 116 2697 oum
147 2633 296 2718 Theogn.
326 2639 401 2700 282:
434 2629 655 2716 πάρ“ποόός.
699 2635 850 2722 Denique
879 2634 975 2720 Pyth.
999 2628 1163 2699 var-tio

45 2722 138 2810 εάχος
157 2726 463 2816 παρὰ-Πυθιάδος
483 2731 612 2809 ἵπποις
626 2727 710 2796 ἑλών
729 2730 866 2812 δέδεξαι
889 2745 947 2798 etc.
974 2755 1046 2797 cum
1065 2733 1162 2818 Pyth.

39 2831 106 2897 'VII
131 2839 169 2900 16
193 2824 281 2915 άπό,
310 2831 441 2918 Olymp.
463 2832 547 2898 XIII
569 2837 608 2899 29
634 2842 667 2898 et
696 2834 793 2920 Pyth.
822 2832 888 2896 XII
910 2840 928 2898 5
957 2826 993 2895 ἐκ
1018 2831 1097 2896 locis
1121 2833 1161 2896 si·

42 2931 211 2997 millimam
248 2931 518 3016 significationem
543 2934 793 2998 »continentibus
824 2943 1017 3018 usurpatum
1047 2940 1096 2997 est
1123 2932 1162 2995 cf.

43 3030 235 3098 Bosslerum
258 3031 299 3095 de
320 3052 432 3118 praep.
455 3054 508 3117 ap
530 3030 624 3096 Pind.
645 3054 758 3119 usup.
782 3039 811 3105 8
837 3039 881 3098 11.

40 3152 50 3161 ·
121 3130 239 3217 Neque
254 3132 371 3215 tragici
383 3139 459 3216 poet
446 3129 554 3195 tabae
568 3131 630 3196 hoc
645 3155 705 3196 usu
716 3131 962 3196 abhorruerunt.
940 3129 1162 3224 tAeschylea

43 3228 195 3316 exempla
215 3228 297 3293 haec
319 3238 406 3294 sunt.
435 3226 476 3294 τό
497 3252 542 3314 μη
563 3224 710 3348 μάταιον
732 3221 801 3291 6Η
786 3249 822 3292 εκ
842 3225 1162 3315 μετωποσωφρόνων

44 3352 96 3394 ιιω
121 3325 315 3444 προσώπων
334 3319 482 3411 ὄμματος
499 3351 568 3411 παρ
593 3323 836 3416 qooxovSuppl
853 3335 920 3411 185,
941 3330 997 3394 ubi
1012 3330 1163 3395 variandi

45 3430 146 3496 studio
169 3421 264 3511 παρά
286 3429 428 3514 positum
450 3429 540 3493 videt
528 3440 579 3493 tur
602 3452 673 3494 esse
693 3439 724 3493 et
740 3452 808 3510 παρ
809 3423 975 3505 ’ἀσπίδος
989 3425 1162 3512 χνμνωθεν

47 3523 124 3611 δόρυ
148 3529 240 3615 Sept
261 3533 333 3610 695,
356 3528 413 3592 ubi
436 3539 530 3616 apert
517 3529 641 3594 tissime
662 3529 798 3593 Homeri
816 3530 921 3595 locum
938 3530 1042 3597 Δ468
1064 3540 1162 3616 poeta

46 3626 213 3694 imitatus
210 3635 269 3691 est
317 3576 496 3715 Sophocles
519 3651 648 3716 semper
673 3646 747 3694 cum
774 3629 925 3714 genetivo
947 3651 1160 3716 personarum

48 3727 233 3842 cpmposuit.
264 3724 535 3812 Euripideshaeo
550 3728 667 3793 habet:
690 3719 748 3816 ἀφ’
773 3720 871 3845 ισιφν
893 3750 984 3808 παρα
972 3720 1163 3807 κερκιόων

48 3845 63 3887 τ
60 3815 283 3909 ὀιστρηθείς
297 3824 419 3891 Bacch.
428 3832 500 3903 ,118
521 3849 590 3909 παρ
616 3821 726 3910 Ἡρας
748 3817 806 3905 οὐχ
826 3819 907 3913 ὁρᾷς
927 3818 1060 3908 θρόνων
1080 3819 1160 3889 τάδε

50 3921 138 3991 Herc.
167 3924 251 3988 Fur.
279 3929 368 4006 1127,
397 3925 483 4010 quod
503 3927 571 3990 fore
591 3926 677 3991 idem
699 3927 787 3992 valet
807 3927 894 4013 quod
916 3924 1056 4010 simplex
1080 3915 1158 4006 παρ’

44 4014 148 4108 Ἠρας.
170 4015 293 4097 πόλεις
312 4015 465 4088 -άλλαι
486 4047 556 4106 παρ
589 4017 751 4089 ἄλλων
713 4045 803 4089 ἐισιν
826 4017 1042 4108 εἱςαχιόχιμσι
1065 4024 1186 4110 frgm.
