<?xml version="1.0" encoding="UTF-8"?>
<!DOCTYPE html PUBLIC "-//W3C//DTD XHTML 1.0 Transitional//EN"
    "http://www.w3.org/TR/xhtml1/DTD/xhtml1-transitional.dtd">
<html xmlns="http://www.w3.org/1999/xhtml" xml:lang="en" lang="en">
 <head>
  <title>
</title>
<meta http-equiv="Content-Type" content="text/html;charset=utf-8" />
  <meta name='ocr-system' content='tesseract 3.04.00' />
  <meta name='ocr-capabilities' content='ocr_page ocr_carea ocr_par ocr_line ocrx_word'/>
</head>
<body>
  <div class='ocr_page' id='page_1' title='image "./studienzurgriec03curtgoog/studienzurgriec03curtgoog_0066.png"; bbox 0 0 2836 4784; ppageno 0'>
   <div class='ocr_carea' id='block_1_1' title="bbox 446 94 1184 168">
    <p class='ocr_par' dir='ltr' id='par_1_1' title="bbox 446 94 1184 168">
     <span class='ocr_line' id='line_1_1' title="bbox 446 94 1184 168; baseline 0.019 -18"><span class='ocrx_word' id='word_1_1' title='bbox 446 96 481 151; x_wconf 91' lang='lat' dir='ltr'>de</span> <span class='ocrx_word' id='word_1_2' title='bbox 497 96 702 168; x_wconf 85' lang='lat' dir='ltr'>praepositione</span> <span class='ocrx_word' id='word_1_3' title='bbox 722 94 808 168; x_wconf 77' lang='grc' dir='ltr'><strong>παρά.</strong></span> <span class='ocrx_word' id='word_1_4' title='bbox 1011 117 1014 124; x_wconf 91' lang='grc'><em>·</em></span> <span class='ocrx_word' id='word_1_5' title='bbox 1143 103 1184 163; x_wconf 81' lang='grc'>47</span> 
     </span>
    </p>
   </div>
   <div class='ocr_carea' id='block_1_2' title="bbox 66 262 1184 1345">
    <p class='ocr_par' dir='ltr' id='par_1_2' title="bbox 66 262 1184 1242">
     <span class='ocr_line' id='line_1_2' title="bbox 70 262 1182 351; baseline -0.001 -22"><span class='ocrx_word' id='word_1_6' title='bbox 70 263 207 350; x_wconf 77' lang='lat' dir='ltr'>passivis</span> <span class='ocrx_word' id='word_1_7' title='bbox 235 282 430 348; x_wconf 86' lang='lat' dir='ltr'>suspensam</span> <span class='ocrx_word' id='word_1_8' title='bbox 459 263 575 346; x_wconf 83' lang='lat' dir='ltr'>faeiat,</span> <span class='ocrx_word' id='word_1_9' title='bbox 605 265 758 351; x_wconf 85' lang='lat' dir='ltr'>quoniam</span> <span class='ocrx_word' id='word_1_10' title='bbox 784 262 848 329; x_wconf 87' lang='lat' dir='ltr'>hoe</span> <span class='ocrx_word' id='word_1_11' title='bbox 875 264 910 328; x_wconf 93' lang='lat' dir='ltr'>in</span> <span class='ocrx_word' id='word_1_12' title='bbox 938 263 1064 329; x_wconf 85' lang='lat' dir='ltr'>ratione</span> <span class='ocrx_word' id='word_1_13' title='bbox 1093 263 1182 349; x_wconf 78' lang='lat' dir='ltr'>eogi-</span> 
     </span>
     <span class='ocr_line' id='line_1_3' title="bbox 69 356 1183 450; baseline -0.002 -22"><span class='ocrx_word' id='word_1_14' title='bbox 69 363 158 428; x_wconf 88' lang='lat' dir='ltr'>tandi</span> <span class='ocrx_word' id='word_1_15' title='bbox 180 363 325 450; x_wconf 88' lang='lat' dir='ltr'>positum</span> <span class='ocrx_word' id='word_1_16' title='bbox 346 369 411 436; x_wconf 88' lang='lat' dir='ltr'>est;</span> <span class='ocrx_word' id='word_1_17' title='bbox 432 372 633 450; x_wconf 88' lang='lat' dir='ltr'>quapropter</span> <span class='ocrx_word' id='word_1_18' title='bbox 655 356 901 445; x_wconf 66' lang='grc' dir='ltr'><em>ὁμολογεῖσθαι</em></span> <span class='ocrx_word' id='word_1_19' title='bbox 922 384 1021 450; x_wconf 85' lang='lat' dir='ltr'>saepe</span> <span class='ocrx_word' id='word_1_20' title='bbox 1041 383 1116 428; x_wconf 82' lang='lat' dir='ltr'>eum</span> <span class='ocrx_word' id='word_1_21' title='bbox 1128 383 1183 448; x_wconf 81' lang='lat' dir='ltr'>ge·</span> 
     </span>
     <span class='ocr_line' id='line_1_4' title="bbox 69 461 1184 548; baseline 0 -22"><span class='ocrx_word' id='word_1_22' title='bbox 69 465 188 545; x_wconf 83' lang='lat' dir='ltr'>notive,</span> <span class='ocrx_word' id='word_1_23' title='bbox 210 481 455 548; x_wconf 85' lang='lat' dir='ltr'><strong>nonnumquam</strong></span> <span class='ocrx_word' id='word_1_24' title='bbox 478 461 576 525; x_wconf 87' lang='lat' dir='ltr'>etism</span> <span class='ocrx_word' id='word_1_25' title='bbox 599 484 671 527; x_wconf 89' lang='lat' dir='ltr'>oum</span> <span class='ocrx_word' id='word_1_26' title='bbox 694 462 814 527; x_wconf 86' lang='lat' dir='ltr'>dativo</span> <span class='ocrx_word' id='word_1_27' title='bbox 828 462 1035 547; x_wconf 82' lang='lat' dir='ltr'>coniungitur</span> <span class='ocrx_word' id='word_1_28' title='bbox 1055 461 1144 527; x_wconf 86' lang='lat' dir='ltr'>velut</span> <span class='ocrx_word' id='word_1_29' title='bbox 1162 482 1184 526; x_wconf 82' lang='lat' dir='ltr'>a</span> 
     </span>
     <span class='ocr_line' id='line_1_5' title="bbox 69 559 1183 649; baseline 0.002 -25"><span class='ocrx_word' id='word_1_30' title='bbox 69 560 218 649; x_wconf 92' lang='lat' dir='ltr'>Xenoph.</span> <span class='ocrx_word' id='word_1_31' title='bbox 247 559 325 646; x_wconf 81' lang='lat' dir='ltr'><strong>Oyr.</strong></span> <span class='ocrx_word' id='word_1_32' title='bbox 360 560 378 624; x_wconf 95' lang='lat' dir='ltr'>I</span> <span class='ocrx_word' id='word_1_33' title='bbox 405 565 433 625; x_wconf 86' lang='lat'><strong>3.</strong></span> <span class='ocrx_word' id='word_1_34' title='bbox 458 567 503 629; x_wconf 91' lang='lat'>18.</span> <span class='ocrx_word' id='word_1_35' title='bbox 538 561 639 627; x_wconf 86' lang='lat' dir='ltr'>Isoor.</span> <span class='ocrx_word' id='word_1_36' title='bbox 661 562 728 626; x_wconf 90' lang='lat' dir='ltr'>XII</span> <span class='ocrx_word' id='word_1_37' title='bbox 748 568 818 629; x_wconf 88' lang='lat'><strong>260.</strong></span> <span class='ocrx_word' id='word_1_38' title='bbox 840 561 921 647; x_wconf 88' lang='lat' dir='ltr'><strong>Lye.</strong></span> <span class='ocrx_word' id='word_1_39' title='bbox 948 582 977 625; x_wconf 91' lang='lat' dir='ltr'><strong>c.</strong></span> <span class='ocrx_word' id='word_1_40' title='bbox 997 560 1110 625; x_wconf 82' lang='lat' dir='ltr'>Leoor.</span> <span class='ocrx_word' id='word_1_41' title='bbox 1136 566 1183 626; x_wconf 93' lang='grc'>12.</span> 
     </span>
     <span class='ocr_line' id='line_1_6' title="bbox 68 658 1183 748; baseline 0.001 -25"><span class='ocrx_word' id='word_1_42' title='bbox 68 659 306 741; x_wconf 79' lang='lat' dir='ltr'>DemVHIS,</span> <span class='ocrx_word' id='word_1_43' title='bbox 325 665 372 724; x_wconf 88' lang='grc'>19.</span> <span class='ocrx_word' id='word_1_44' title='bbox 393 658 505 724; x_wconf 89' lang='lat' dir='ltr'>XLIV</span> <span class='ocrx_word' id='word_1_45' title='bbox 518 667 558 728; x_wconf 82' lang='lat'>56</span> <span class='ocrx_word' id='word_1_46' title='bbox 575 672 635 727; x_wconf 86' lang='lat' dir='ltr'>eto.</span> <span class='ocrx_word' id='word_1_47' title='bbox 656 661 772 748; x_wconf 88' lang='lat' dir='ltr'><strong>Polyb.</strong></span> <span class='ocrx_word' id='word_1_48' title='bbox 783 661 838 725; x_wconf 90' lang='lat' dir='ltr'>III·</span> <span class='ocrx_word' id='word_1_49' title='bbox 847 667 885 727; x_wconf 89' lang='lat'>30</span> <span class='ocrx_word' id='word_1_50' title='bbox 908 667 967 723; x_wconf 87' lang='lat' dir='ltr'>etc.</span> <span class='ocrx_word' id='word_1_51' title='bbox 987 659 1075 748; x_wconf 91' lang='lat' dir='ltr'>quod</span> <span class='ocrx_word' id='word_1_52' title='bbox 1096 659 1183 724; x_wconf 93' lang='lat' dir='ltr'>idem</span> 
     </span>
     <span class='ocr_line' id='line_1_7' title="bbox 68 753 1182 845; baseline 0 -22"><span class='ocrx_word' id='word_1_53' title='bbox 68 759 154 823; x_wconf 87' lang='lat' dir='ltr'>eadit</span> <span class='ocrx_word' id='word_1_54' title='bbox 181 759 216 822; x_wconf 92' lang='lat' dir='ltr'>in</span> <span class='ocrx_word' id='word_1_55' title='bbox 243 757 380 822; x_wconf 87' lang='lat' dir='ltr'>verbum</span> <span class='ocrx_word' id='word_1_56' title='bbox 408 753 578 840; x_wconf 71' lang='grc' dir='ltr'><strong><em>λέγεσθαι.</em></strong></span> <span class='ocrx_word' id='word_1_57' title='bbox 604 761 688 826; x_wconf 89' lang='lat' dir='ltr'>Plat.</span> <span class='ocrx_word' id='word_1_58' title='bbox 715 761 800 825; x_wconf 84' lang='lat' dir='ltr'>Tim.</span> <span class='ocrx_word' id='word_1_59' title='bbox 830 766 880 826; x_wconf 89' lang='lat'><strong>22.</strong></span> <span class='ocrx_word' id='word_1_60' title='bbox 903 763 950 824; x_wconf 90' lang='grc'>23.</span> <span class='ocrx_word' id='word_1_61' title='bbox 980 758 1041 845; x_wconf 83' lang='lat' dir='ltr'>leg.</span> <span class='ocrx_word' id='word_1_62' title='bbox 1067 758 1084 822; x_wconf 94' lang='grc' dir='ltr'>Ι</span> <span class='ocrx_word' id='word_1_63' title='bbox 1112 763 1182 825; x_wconf 85' lang='grc'><strong>624.</strong></span> 
     </span>
     <span class='ocr_line' id='line_1_8' title="bbox 67 845 1183 946; baseline -0.003 -25"><span class='ocrx_word' id='word_1_64' title='bbox 67 858 161 923; x_wconf 91' lang='lat' dir='ltr'>Dem.</span> <span class='ocrx_word' id='word_1_65' title='bbox 185 856 267 922; x_wconf 90' lang='lat' dir='ltr'>VIII</span> <span class='ocrx_word' id='word_1_66' title='bbox 286 863 316 922; x_wconf 89' lang='grc'>4.</span> <span class='ocrx_word' id='word_1_67' title='bbox 354 845 377 917; x_wconf 72' lang='grc' dir='ltr'><em>ἃ</em></span> <span class='ocrx_word' id='word_1_68' title='bbox 399 853 438 942; x_wconf 74' lang='grc' dir='ltr'>δὴ</span> <span class='ocrx_word' id='word_1_69' title='bbox 461 854 686 941; x_wconf 74' lang='grc' dir='ltr'><strong><em>κατέγνωσται</em></strong></span> <span class='ocrx_word' id='word_1_70' title='bbox 706 855 767 940; x_wconf 79' lang='grc' dir='ltr'>μὲν</span> <span class='ocrx_word' id='word_1_71' title='bbox 788 856 880 941; x_wconf 84' lang='grc' dir='ltr'><strong><em>παρὰ</em></strong></span> <span class='ocrx_word' id='word_1_72' title='bbox 902 860 952 946; x_wconf 76' lang='grc' dir='ltr'>τῷ</span> <span class='ocrx_word' id='word_1_73' title='bbox 980 849 1183 940; x_wconf 79' lang='grc' dir='ltr'><strong><em>δικαιοτάτῳ</em></strong></span> 
     </span>
     <span class='ocr_line' id='line_1_9' title="bbox 67 949 1184 1045; baseline -0.001 -27"><span class='ocrx_word' id='word_1_74' title='bbox 67 949 238 1040; x_wconf 77' lang='grc' dir='ltr'><strong><em>συνεδρίῳ,</em></strong></span> <span class='ocrx_word' id='word_1_75' title='bbox 264 950 510 1042; x_wconf 73' lang='grc' dir='ltr'><strong><em>κατεψήφισται</em></strong></span> <span class='ocrx_word' id='word_1_76' title='bbox 532 951 645 1045; x_wconf 67' lang='grc' dir='ltr'>661ῖῷ</span> <span class='ocrx_word' id='word_1_77' title='bbox 678 953 770 1040; x_wconf 77' lang='grc' dir='ltr'><strong><em>ὑμῶν</em></strong></span> <span class='ocrx_word' id='word_1_78' title='bbox 794 961 860 1022; x_wconf 84' lang='grc' dir='ltr'>τῶν</span> <span class='ocrx_word' id='word_1_79' title='bbox 889 950 1038 1034; x_wconf 73' lang='grc' dir='ltr'><strong><em>δικάζειν</em></strong></span> <span class='ocrx_word' id='word_1_80' title='bbox 1064 949 1184 1034; x_wconf 86' lang='grc' dir='ltr'><strong><em>λαγόν-</em></strong></span> 
     </span>
     <span class='ocr_line' id='line_1_10' title="bbox 66 1049 1182 1144; baseline 0 -27"><span class='ocrx_word' id='word_1_81' title='bbox 66 1078 146 1134; x_wconf 85' lang='grc' dir='ltr'><strong><em>των,</em></strong></span> <span class='ocrx_word' id='word_1_82' title='bbox 172 1049 388 1138; x_wconf 78' lang='grc' dir='ltr'><strong><em>ὁμολογεῖται</em></strong></span> <span class='ocrx_word' id='word_1_83' title='bbox 410 1052 446 1120; x_wconf 81' lang='grc' dir='ltr'>δὲ</span> <span class='ocrx_word' id='word_1_84' title='bbox 466 1055 560 1140; x_wconf 84' lang='grc' dir='ltr'><strong><em>παρὰ</em></strong></span> <span class='ocrx_word' id='word_1_85' title='bbox 581 1061 628 1142; x_wconf 80' lang='grc' dir='ltr'>τῷ</span> <span class='ocrx_word' id='word_1_86' title='bbox 652 1053 745 1144; x_wconf 80' lang='grc' dir='ltr'><strong><em>δήμῳ</em></strong></span> <span class='ocrx_word' id='word_1_87' title='bbox 768 1095 806 1107; x_wconf 90' lang='grc'>-</span> <span class='ocrx_word' id='word_1_88' title='bbox 827 1051 959 1133; x_wconf 79' lang='grc' dir='ltr'><strong><em>τούτοις</em></strong></span> <span class='ocrx_word' id='word_1_89' title='bbox 979 1049 1073 1137; x_wconf 80' lang='grc' dir='ltr'><strong><em>ὑμεῖς</em></strong></span> <span class='ocrx_word' id='word_1_90' title='bbox 1093 1051 1182 1120; x_wconf 78' lang='grc' dir='ltr'><strong><em>ἐναν-</em></strong></span> 
     </span>
     <span class='ocr_line' id='line_1_11' title="bbox 70 1149 713 1242; baseline 0.014 -24"><span class='ocrx_word' id='word_1_91' title='bbox 70 1149 125 1218; x_wconf 85' lang='grc' dir='ltr'>τία</span> <span class='ocrx_word' id='word_1_92' title='bbox 146 1156 340 1242; x_wconf 68' lang='grc' dir='ltr'><strong><em>ψηφιεῖσθε</em></strong></span> <span class='ocrx_word' id='word_1_93' title='bbox 370 1156 451 1242; x_wconf 90' lang='lat' dir='ltr'><strong>Lyo.</strong></span> <span class='ocrx_word' id='word_1_94' title='bbox 476 1180 502 1224; x_wconf 83' lang='grc' dir='ltr'><strong><em>α</em></strong></span> <span class='ocrx_word' id='word_1_95' title='bbox 525 1158 641 1225; x_wconf 87' lang='lat' dir='ltr'>Leoor.</span> <span class='ocrx_word' id='word_1_96' title='bbox 663 1164 713 1227; x_wconf 85' lang='grc'>54.</span> 
     </span>
    </p>

    <p class='ocr_par' dir='ltr' id='par_1_3' title="bbox 152 1254 1181 1345">
     <span class='ocr_line' id='line_1_12' title="bbox 152 1254 1181 1345; baseline -0.002 -24"><span class='ocrx_word' id='word_1_97' title='bbox 152 1255 219 1321; x_wconf 86' lang='lat' dir='ltr'>Sed</span> <span class='ocrx_word' id='word_1_98' title='bbox 242 1256 414 1321; x_wconf 83' lang='lat' dir='ltr'>artissimis</span> <span class='ocrx_word' id='word_1_99' title='bbox 438 1256 559 1322; x_wconf 90' lang='lat' dir='ltr'>finibus</span> <span class='ocrx_word' id='word_1_100' title='bbox 585 1281 663 1324; x_wconf 90' lang='lat' dir='ltr'>usus</span> <span class='ocrx_word' id='word_1_101' title='bbox 685 1257 936 1345; x_wconf 81' lang='lat' dir='ltr'>praepositionis</span> <span class='ocrx_word' id='word_1_102' title='bbox 970 1278 1042 1321; x_wconf 87' lang='lat' dir='ltr'>oum</span> <span class='ocrx_word' id='word_1_103' title='bbox 1071 1254 1181 1320; x_wconf 87' lang='lat' dir='ltr'>dativo</span> 
     </span>
    </p>
   </div>
   <div class='ocr_carea' id='block_1_3' title="bbox 67 1354 1285 1444">
    <p class='ocr_par' dir='ltr' id='par_1_4' title="bbox 67 1354 1285 1444">
     <span class='ocr_line' id='line_1_13' title="bbox 67 1354 1285 1444; baseline -0.002 -22"><span class='ocrx_word' id='word_1_104' title='bbox 67 1356 243 1443; x_wconf 86' lang='lat' dir='ltr'>epassivis</span> <span class='ocrx_word' id='word_1_105' title='bbox 257 1354 429 1441; x_wconf 90' lang='lat' dir='ltr'>pendentis</span> <span class='ocrx_word' id='word_1_106' title='bbox 444 1357 707 1444; x_wconf 78' lang='lat' dir='ltr'>circumscriptus</span> <span class='ocrx_word' id='word_1_107' title='bbox 729 1366 786 1440; x_wconf 85' lang='lat' dir='ltr'>est,</span> <span class='ocrx_word' id='word_1_108' title='bbox 808 1377 912 1443; x_wconf 88' lang='lat' dir='ltr'>neque</span> <span class='ocrx_word' id='word_1_109' title='bbox 933 1357 1096 1443; x_wconf 88' lang='lat' dir='ltr'>reperitur</span> <span class='ocrx_word' id='word_1_110' title='bbox 1117 1355 1182 1420; x_wconf 91' lang='lat' dir='ltr'>nisi</span> <span class='ocrx_word' id='word_1_111' title='bbox 1281 1383 1285 1389; x_wconf 91' lang='grc'><em>·</em></span> 
     </span>
    </p>
   </div>
   <div class='ocr_carea' id='block_1_4' title="bbox 61 1453 1264 2930">
    <p class='ocr_par' dir='ltr' id='par_1_5' title="bbox 61 1453 1183 2022">
     <span class='ocr_line' id='line_1_14' title="bbox 66 1453 1182 1543; baseline -0.003 -22"><span class='ocrx_word' id='word_1_112' title='bbox 66 1455 156 1543; x_wconf 88' lang='lat' dir='ltr'>apud</span> <span class='ocrx_word' id='word_1_113' title='bbox 178 1476 345 1542; x_wconf 82' lang='lat' dir='ltr'>perpauca</span> <span class='ocrx_word' id='word_1_114' title='bbox 364 1453 467 1519; x_wconf 87' lang='lat' dir='ltr'>verba</span> <span class='ocrx_word' id='word_1_115' title='bbox 488 1456 655 1522; x_wconf 83' lang='lat' dir='ltr'>iudicandi</span> <span class='ocrx_word' id='word_1_116' title='bbox 679 1466 711 1521; x_wconf 89' lang='lat' dir='ltr'>et</span> <span class='ocrx_word' id='word_1_117' title='bbox 743 1455 880 1521; x_wconf 80' lang='lat' dir='ltr'>dicendi.</span> <span class='ocrx_word' id='word_1_118' title='bbox 922 1454 977 1519; x_wconf 86' lang='lat' dir='ltr'>Ex</span> <span class='ocrx_word' id='word_1_119' title='bbox 999 1453 1182 1519; x_wconf 75' lang='lat' dir='ltr'>Atticorum</span> 
     </span>
     <span class='ocr_line' id='line_1_15' title="bbox 66 1551 1183 1643; baseline -0.004 -22"><span class='ocrx_word' id='word_1_120' title='bbox 66 1556 199 1643; x_wconf 85' lang='lat' dir='ltr'>seriptis</span> <span class='ocrx_word' id='word_1_121' title='bbox 221 1553 330 1618; x_wconf 83' lang='lat' dir='ltr'>afferri</span> <span class='ocrx_word' id='word_1_122' title='bbox 352 1563 491 1641; x_wconf 80' lang='lat' dir='ltr'>possunt</span> <span class='ocrx_word' id='word_1_123' title='bbox 512 1555 593 1622; x_wconf 86' lang='lat' dir='ltr'>haee</span> <span class='ocrx_word' id='word_1_124' title='bbox 613 1555 778 1642; x_wconf 84' lang='lat' dir='ltr'>exempla:</span> <span class='ocrx_word' id='word_1_125' title='bbox 798 1556 949 1636; x_wconf 82' lang='grc' dir='ltr'><strong><em>τιμῶμαι</em></strong></span> <span class='ocrx_word' id='word_1_126' title='bbox 968 1551 1061 1637; x_wconf 81' lang='grc' dir='ltr'><strong><em>παρὰ</em></strong></span> <span class='ocrx_word' id='word_1_127' title='bbox 1084 1553 1183 1627; x_wconf 78' lang='grc' dir='ltr'><strong><em>θεοῖς</em></strong></span> 
     </span>
     <span class='ocr_line' id='line_1_16' title="bbox 64 1647 1181 1742; baseline -0.004 -21"><span class='ocrx_word' id='word_1_128' title='bbox 64 1664 124 1721; x_wconf 88' lang='lat' dir='ltr'>eto.</span> <span class='ocrx_word' id='word_1_129' title='bbox 164 1654 249 1718; x_wconf 89' lang='lat' dir='ltr'>Xen.</span> <span class='ocrx_word' id='word_1_130' title='bbox 273 1653 370 1719; x_wconf 91' lang='lat' dir='ltr'>Mem.</span> <span class='ocrx_word' id='word_1_131' title='bbox 392 1652 426 1716; x_wconf 93' lang='grc' dir='ltr'><strong><em>Π</em></strong></span> <span class='ocrx_word' id='word_1_132' title='bbox 451 1661 478 1720; x_wconf 93' lang='grc'>1.</span> <span class='ocrx_word' id='word_1_133' title='bbox 501 1661 540 1723; x_wconf 85' lang='grc'>32</span> <span class='ocrx_word' id='word_1_134' title='bbox 572 1656 615 1720; x_wconf 86' lang='lat' dir='ltr'>ad</span> <span class='ocrx_word' id='word_1_135' title='bbox 643 1654 812 1742; x_wconf 82' lang='lat' dir='ltr'>exemplar</span> <span class='ocrx_word' id='word_1_136' title='bbox 840 1653 1041 1719; x_wconf 82' lang='lat' dir='ltr'>locutionum</span> <span class='ocrx_word' id='word_1_137' title='bbox 1069 1647 1181 1734; x_wconf 84' lang='grc' dir='ltr'><strong><em>τίμιον</em></strong></span> 
     </span>
     <span class='ocr_line' id='line_1_17' title="bbox 64 1744 1181 1840; baseline 0 -22"><span class='ocrx_word' id='word_1_138' title='bbox 64 1744 170 1832; x_wconf 78' lang='grc' dir='ltr'><strong><em>εἶναι,</em></strong></span> <span class='ocrx_word' id='word_1_139' title='bbox 207 1746 309 1831; x_wconf 81' lang='grc' dir='ltr'><strong><em>δόξαν</em></strong></span> <span class='ocrx_word' id='word_1_140' title='bbox 337 1746 424 1830; x_wconf 72' lang='grc' dir='ltr'><strong><em>ἔχειν</em></strong></span> <span class='ocrx_word' id='word_1_141' title='bbox 452 1754 545 1820; x_wconf 91' lang='lat' dir='ltr'>simil.</span> <span class='ocrx_word' id='word_1_142' title='bbox 572 1754 710 1839; x_wconf 79' lang='lat' dir='ltr'>diotum3</span> <span class='ocrx_word' id='word_1_143' title='bbox 743 1756 821 1819; x_wconf 93' lang='lat' dir='ltr'>item</span> <span class='ocrx_word' id='word_1_144' title='bbox 843 1745 1051 1840; x_wconf 80' lang='grc' dir='ltr'><strong><em>ἠτιμωμένος</em></strong></span> <span class='ocrx_word' id='word_1_145' title='bbox 1081 1752 1181 1818; x_wconf 84' lang='lat' dir='ltr'>Isoer.</span> 
     </span>
     <span class='ocr_line' id='line_1_18' title="bbox 62 1840 1180 1939; baseline -0.002 -21"><span class='ocrx_word' id='word_1_146' title='bbox 62 1854 146 1921; x_wconf 91' lang='lat' dir='ltr'>XVI</span> <span class='ocrx_word' id='word_1_147' title='bbox 175 1857 225 1922; x_wconf 86' lang='grc'>47.</span> <span class='ocrx_word' id='word_1_148' title='bbox 265 1847 359 1936; x_wconf 85' lang='grc' dir='ltr'><strong><em>παρὰ</em></strong></span> <span class='ocrx_word' id='word_1_149' title='bbox 387 1854 493 1917; x_wconf 85' lang='grc' dir='ltr'><strong><em>πᾶσιν</em></strong></span> <span class='ocrx_word' id='word_1_150' title='bbox 527 1846 724 1939; x_wconf 72' lang='grc' dir='ltr'><strong><em>ἀνθρώποις</em></strong></span> <span class='ocrx_word' id='word_1_151' title='bbox 754 1840 958 1937; x_wconf 68' lang='grc' dir='ltr'><strong><em>ἀγαπᾶσθαι</em></strong></span> <span class='ocrx_word' id='word_1_152' title='bbox 985 1850 1029 1916; x_wconf 93' lang='lat' dir='ltr'>ib.</span> <span class='ocrx_word' id='word_1_153' title='bbox 1055 1849 1104 1915; x_wconf 92' lang='lat' dir='ltr'>IV</span> <span class='ocrx_word' id='word_1_154' title='bbox 1130 1856 1180 1916; x_wconf 87' lang='grc'><strong>46.</strong></span> 
     </span>
     <span class='ocr_line' id='line_1_19' title="bbox 61 1951 484 2022; baseline -0.002 -4"><span class='ocrx_word' id='word_1_155' title='bbox 61 1953 113 2018; x_wconf 93' lang='lat' dir='ltr'>XI</span> <span class='ocrx_word' id='word_1_156' title='bbox 133 1960 153 2022; x_wconf 90' lang='grc'><strong>6</strong></span> <span class='ocrx_word' id='word_1_157' title='bbox 175 1951 237 2018; x_wconf 88' lang='lat' dir='ltr'>bis.</span> <span class='ocrx_word' id='word_1_158' title='bbox 256 1951 342 2017; x_wconf 89' lang='lat' dir='ltr'>Plut.</span> <span class='ocrx_word' id='word_1_159' title='bbox 364 1957 424 2018; x_wconf 80' lang='lat'>959</span> <span class='ocrx_word' id='word_1_160' title='bbox 447 1953 484 2020; x_wconf 79' lang='lat' dir='ltr'><strong>O.</strong></span> 
     </span>
    </p>

    <p class='ocr_par' dir='ltr' id='par_1_6' title="bbox 62 2045 1264 2930">
     <span class='ocr_line' id='line_1_20' title="bbox 144 2045 1182 2140; baseline -0.007 -22"><span class='ocrx_word' id='word_1_161' title='bbox 144 2052 375 2118; x_wconf 77' lang='lat' dir='ltr'>Recentiorum</span> <span class='ocrx_word' id='word_1_162' title='bbox 398 2053 594 2140; x_wconf 78' lang='lat' dir='ltr'>scriptorum</span> <span class='ocrx_word' id='word_1_163' title='bbox 616 2054 698 2120; x_wconf 87' lang='lat' dir='ltr'>haee</span> <span class='ocrx_word' id='word_1_164' title='bbox 719 2061 793 2119; x_wconf 90' lang='lat' dir='ltr'>sunt</span> <span class='ocrx_word' id='word_1_165' title='bbox 820 2050 980 2139; x_wconf 85' lang='lat' dir='ltr'>exempla.</span> <span class='ocrx_word' id='word_1_166' title='bbox 1012 2045 1182 2113; x_wconf 74' lang='grc' dir='ltr'><strong><em>ἐλεεῖσθαι</em></strong></span> 
     </span>
     <span class='ocr_line' id='line_1_21' title="bbox 62 2143 1181 2239; baseline 0 -25"><span class='ocrx_word' id='word_1_167' title='bbox 62 2147 153 2235; x_wconf 83' lang='grc' dir='ltr'><strong><em>παρὰ</em></strong></span> <span class='ocrx_word' id='word_1_168' title='bbox 176 2153 283 2213; x_wconf 85' lang='grc' dir='ltr'><strong><em>πᾶσιν</em></strong></span> <span class='ocrx_word' id='word_1_169' title='bbox 304 2150 452 2237; x_wconf 84' lang='lat' dir='ltr'>Aleiphr.</span> <span class='ocrx_word' id='word_1_170' title='bbox 473 2153 491 2217; x_wconf 95' lang='lat' dir='ltr'>I</span> <span class='ocrx_word' id='word_1_171' title='bbox 512 2159 562 2237; x_wconf 84' lang='lat'>35,</span> <span class='ocrx_word' id='word_1_172' title='bbox 582 2159 609 2220; x_wconf 90' lang='lat'><strong>2.</strong></span> <span class='ocrx_word' id='word_1_173' title='bbox 632 2146 814 2236; x_wconf 67' lang='lat' dir='ltr'>pesulanum</span> <span class='ocrx_word' id='word_1_174' title='bbox 832 2143 908 2235; x_wconf 71' lang='grc' dir='ltr'><strong><em>παρ’</em></strong></span> <span class='ocrx_word' id='word_1_175' title='bbox 933 2144 1009 2239; x_wconf 75' lang='grc' dir='ltr'><strong><em>ἡμῖν</em></strong></span> <span class='ocrx_word' id='word_1_176' title='bbox 1030 2149 1075 2214; x_wconf 90' lang='lat' dir='ltr'>id.</span> <span class='ocrx_word' id='word_1_177' title='bbox 1094 2148 1111 2212; x_wconf 96' lang='lat' dir='ltr'>I</span> <span class='ocrx_word' id='word_1_178' title='bbox 1133 2153 1181 2227; x_wconf 82' lang='lat'>32,</span> 
     </span>
     <span class='ocr_line' id='line_1_22' title="bbox 65 2246 1181 2340; baseline -0.009 -20"><span class='ocrx_word' id='word_1_179' title='bbox 65 2258 91 2320; x_wconf 82' lang='lat'><strong>3.</strong></span> <span class='ocrx_word' id='word_1_180' title='bbox 105 2251 197 2340; x_wconf 86' lang='lat' dir='ltr'>apud</span> <span class='ocrx_word' id='word_1_181' title='bbox 210 2250 385 2336; x_wconf 86' lang='lat' dir='ltr'>Polybium</span> <span class='ocrx_word' id='word_1_182' title='bbox 403 2254 593 2339; x_wconf 88' lang='lat' dir='ltr'>saepissime</span> <span class='ocrx_word' id='word_1_183' title='bbox 611 2275 628 2318; x_wconf 89' lang='lat' dir='ltr'>e</span> <span class='ocrx_word' id='word_1_184' title='bbox 643 2252 753 2318; x_wconf 87' lang='lat' dir='ltr'>verbis</span> <span class='ocrx_word' id='word_1_185' title='bbox 768 2251 967 2327; x_wconf 91' lang='lat' dir='ltr'>nominandi,</span> <span class='ocrx_word' id='word_1_186' title='bbox 992 2246 1181 2336; x_wconf 84' lang='lat' dir='ltr'>appellandi</span> 
     </span>
     <span class='ocr_line' id='line_1_23' title="bbox 65 2339 1182 2440; baseline -0.005 -26"><span class='ocrx_word' id='word_1_187' title='bbox 65 2346 155 2435; x_wconf 85' lang='grc' dir='ltr'><strong><em>παρά</em></strong></span> <span class='ocrx_word' id='word_1_188' title='bbox 176 2350 301 2440; x_wconf 81' lang='lat' dir='ltr'>pendet</span> <span class='ocrx_word' id='word_1_189' title='bbox 319 2339 409 2417; x_wconf 80' lang='lat' dir='ltr'>vehit</span> <span class='ocrx_word' id='word_1_190' title='bbox 435 2348 525 2436; x_wconf 80' lang='grc' dir='ltr'><strong><em>παρὰ</em></strong></span> <span class='ocrx_word' id='word_1_191' title='bbox 546 2353 618 2428; x_wconf 89' lang='grc' dir='ltr'><strong><em>τοῖς</em></strong></span> <span class='ocrx_word' id='word_1_192' title='bbox 638 2345 808 2435; x_wconf 79' lang='grc' dir='ltr'><strong><em>ἐγχωρίοις</em></strong></span> <span class='ocrx_word' id='word_1_193' title='bbox 833 2345 852 2416; x_wconf 84' lang='grc' dir='ltr'><em>ὃ</em></span> <span class='ocrx_word' id='word_1_194' title='bbox 873 2346 1027 2432; x_wconf 91' lang='grc' dir='ltr'><strong><em>ποταμὸς</em></strong></span> <span class='ocrx_word' id='word_1_195' title='bbox 1054 2369 1182 2432; x_wconf 83' lang='grc' dir='ltr'><strong><em>προςα-</em></strong></span> 
     </span>
     <span class='ocr_line' id='line_1_24' title="bbox 63 2439 1182 2535; baseline -0.006 -20"><span class='ocrx_word' id='word_1_196' title='bbox 63 2445 236 2535; x_wconf 82' lang='grc' dir='ltr'><strong><em>γσρειῖεται</em></strong></span> <span class='ocrx_word' id='word_1_197' title='bbox 257 2442 428 2532; x_wconf 83' lang='grc' dir='ltr'><strong><em>Βόδεγκος</em></strong></span> <span class='ocrx_word' id='word_1_198' title='bbox 446 2451 480 2515; x_wconf 94' lang='grc' dir='ltr'><strong><em>Π</em></strong></span> <span class='ocrx_word' id='word_1_199' title='bbox 505 2457 542 2518; x_wconf 90' lang='grc'>16</span> <span class='ocrx_word' id='word_1_200' title='bbox 565 2475 589 2517; x_wconf 89' lang='lat' dir='ltr'>s.</span> <span class='ocrx_word' id='word_1_201' title='bbox 609 2453 630 2517; x_wconf 89' lang='lat' dir='ltr'><strong>f.</strong></span> <span class='ocrx_word' id='word_1_202' title='bbox 671 2445 689 2515; x_wconf 86' lang='grc' dir='ltr'><em>ὃ</em></span> <span class='ocrx_word' id='word_1_203' title='bbox 712 2447 804 2533; x_wconf 86' lang='grc' dir='ltr'><strong><em>παρὰ</em></strong></span> <span class='ocrx_word' id='word_1_204' title='bbox 825 2452 896 2527; x_wconf 86' lang='grc' dir='ltr'><strong><em>τοῖς</em></strong></span> <span class='ocrx_word' id='word_1_205' title='bbox 916 2446 1059 2522; x_wconf 78' lang='grc' dir='ltr'><strong><em>πολλοῖς</em></strong></span> <span class='ocrx_word' id='word_1_206' title='bbox 1086 2439 1182 2526; x_wconf 87' lang='grc' dir='ltr'><strong><em>λεγό-</em></strong></span> 
     </span>
     <span class='ocr_line' id='line_1_25' title="bbox 62 2540 1181 2635; baseline -0.003 -20"><span class='ocrx_word' id='word_1_207' title='bbox 62 2571 161 2630; x_wconf 87' lang='grc' dir='ltr'><strong><em>μενος</em></strong></span> <span class='ocrx_word' id='word_1_208' title='bbox 183 2540 351 2630; x_wconf 72' lang='grc' dir='ltr'><strong><em>(κληθείς,</em></strong></span> <span class='ocrx_word' id='word_1_209' title='bbox 377 2544 716 2635; x_wconf 83' lang='grc' dir='ltr'><strong><em>προσαγορευόμενος)</em></strong></span> <span class='ocrx_word' id='word_1_210' title='bbox 734 2549 887 2631; x_wconf 86' lang='grc' dir='ltr'><strong><em>πόλεμος</em></strong></span> <span class='ocrx_word' id='word_1_211' title='bbox 906 2550 923 2614; x_wconf 96' lang='grc' dir='ltr'>Ι</span> <span class='ocrx_word' id='word_1_212' title='bbox 945 2552 993 2614; x_wconf 87' lang='lat'>65.</span> <span class='ocrx_word' id='word_1_213' title='bbox 1017 2552 1066 2614; x_wconf 90' lang='grc'>82.</span> <span class='ocrx_word' id='word_1_214' title='bbox 1086 2545 1120 2608; x_wconf 89' lang='grc' dir='ltr'>Π</span> <span class='ocrx_word' id='word_1_215' title='bbox 1144 2551 1181 2612; x_wconf 86' lang='grc'>13</span> 
     </span>
     <span class='ocr_line' id='line_1_26' title="bbox 64 2634 1179 2736; baseline -0.007 -22"><span class='ocrx_word' id='word_1_216' title='bbox 64 2647 121 2716; x_wconf 89' lang='lat' dir='ltr'>bis.</span> <span class='ocrx_word' id='word_1_217' title='bbox 144 2655 195 2718; x_wconf 79' lang='lat'><strong>37.</strong></span> <span class='ocrx_word' id='word_1_218' title='bbox 216 2649 268 2713; x_wconf 95' lang='grc' dir='ltr'>ΙΠ</span> <span class='ocrx_word' id='word_1_219' title='bbox 289 2656 308 2717; x_wconf 93' lang='grc'><strong>6</strong></span> <span class='ocrx_word' id='word_1_220' title='bbox 336 2659 395 2716; x_wconf 89' lang='lat' dir='ltr'>ete.</span> <span class='ocrx_word' id='word_1_221' title='bbox 418 2659 477 2715; x_wconf 86' lang='lat' dir='ltr'>ete.</span> <span class='ocrx_word' id='word_1_222' title='bbox 520 2642 675 2736; x_wconf 86' lang='grc' dir='ltr'><strong><em>ὀμφαλὸς</em></strong></span> <span class='ocrx_word' id='word_1_223' title='bbox 701 2643 823 2726; x_wconf 80' lang='grc' dir='ltr'><strong><em>θοίνας</em></strong></span> <span class='ocrx_word' id='word_1_224' title='bbox 850 2646 999 2719; x_wconf 82' lang='grc' dir='ltr'><strong><em>καλεῖται</em></strong></span> <span class='ocrx_word' id='word_1_225' title='bbox 1026 2637 1121 2726; x_wconf 81' lang='grc' dir='ltr'><strong><em>παρά</em></strong></span> <span class='ocrx_word' id='word_1_226' title='bbox 1152 2634 1179 2726; x_wconf 73' lang='grc' dir='ltr'>γ’</span> 
     </span>
     <span class='ocr_line' id='line_1_27' title="bbox 66 2739 1264 2836; baseline -0.003 -27"><span class='ocrx_word' id='word_1_227' title='bbox 66 2743 134 2828; x_wconf 73' lang='grc' dir='ltr'><strong><em>ἐμὶν</em></strong></span> <span class='ocrx_word' id='word_1_228' title='bbox 155 2743 215 2811; x_wconf 85' lang='grc' dir='ltr'>καὶ</span> <span class='ocrx_word' id='word_1_229' title='bbox 235 2741 287 2811; x_wconf 80' lang='grc' dir='ltr'>τίν</span> <span class='ocrx_word' id='word_1_230' title='bbox 305 2748 433 2815; x_wconf 83' lang='lat' dir='ltr'>Philox.</span> <span class='ocrx_word' id='word_1_231' title='bbox 448 2749 483 2813; x_wconf 89' lang='lat' dir='ltr'>H</span> <span class='ocrx_word' id='word_1_232' title='bbox 498 2756 537 2817; x_wconf 88' lang='lat'>20</span> <span class='ocrx_word' id='word_1_233' title='bbox 557 2772 589 2836; x_wconf 85' lang='lat' dir='ltr'>p.</span> <span class='ocrx_word' id='word_1_234' title='bbox 607 2757 685 2817; x_wconf 83' lang='grc'><strong>1255</strong></span> <span class='ocrx_word' id='word_1_235' title='bbox 709 2750 798 2836; x_wconf 88' lang='lat' dir='ltr'>apud</span> <span class='ocrx_word' id='word_1_236' title='bbox 807 2749 929 2835; x_wconf 85' lang='lat' dir='ltr'><strong>Bergk.</strong></span> <span class='ocrx_word' id='word_1_237' title='bbox 949 2744 997 2812; x_wconf 91' lang='lat' dir='ltr'>ed.</span> <span class='ocrx_word' id='word_1_238' title='bbox 1005 2745 1065 2809; x_wconf 95' lang='grc' dir='ltr'>ΙΠ.</span> <span class='ocrx_word' id='word_1_239' title='bbox 1087 2739 1181 2825; x_wconf 78' lang='grc' dir='ltr'><strong><em>παρὰ</em></strong></span> <span class='ocrx_word' id='word_1_240' title='bbox 1257 2812 1264 2826; x_wconf 45' lang='grc'><em>,</em></span> 
     </span>
     <span class='ocr_line' id='line_1_28' title="bbox 66 2843 912 2930; baseline 0.004 -23"><span class='ocrx_word' id='word_1_241' title='bbox 66 2848 129 2924; x_wconf 83' lang='grc' dir='ltr'><strong><em>τοῖς</em></strong></span> <span class='ocrx_word' id='word_1_242' title='bbox 147 2844 295 2925; x_wconf 88' lang='grc' dir='ltr'><strong><em>πολλοῖς</em></strong></span> <span class='ocrx_word' id='word_1_243' title='bbox 314 2843 562 2930; x_wconf 72' lang='grc' dir='ltr'><strong><em>θαυμάζεσθαι</em></strong></span> <span class='ocrx_word' id='word_1_244' title='bbox 580 2849 666 2915; x_wconf 83' lang='lat' dir='ltr'>Plus</span> <span class='ocrx_word' id='word_1_245' title='bbox 686 2849 770 2916; x_wconf 88' lang='lat' dir='ltr'><strong>Mor.</strong></span> <span class='ocrx_word' id='word_1_246' title='bbox 791 2854 851 2916; x_wconf 88' lang='lat'>226</span> <span class='ocrx_word' id='word_1_247' title='bbox 872 2848 912 2913; x_wconf 89' lang='lat' dir='ltr'><strong>A.</strong></span> 
     </span>
    </p>
   </div>
   <div class='ocr_carea' id='block_1_5' title="bbox 574 3033 676 3113">
    <p class='ocr_par' dir='ltr' id='par_1_7' title="bbox 574 3033 676 3113">
     <span class='ocr_line' id='line_1_29' title="bbox 574 3033 676 3113; baseline 0.02 -15"><span class='ocrx_word' id='word_1_248' title='bbox 574 3033 605 3113; x_wconf 65' lang='grc' dir='ltr'>ξ.</span> <span class='ocrx_word' id='word_1_249' title='bbox 630 3039 676 3100; x_wconf 87' lang='grc'>15.</span> 
     </span>
    </p>
   </div>
   <div class='ocr_carea' id='block_1_6' title="bbox 112 3175 1147 3468">
    <p class='ocr_par' dir='ltr' id='par_1_8' title="bbox 112 3175 1147 3468">
     <span class='ocr_line' id='line_1_30' title="bbox 112 3175 1147 3270; baseline -0.004 -22"><span class='ocrx_word' id='word_1_250' title='bbox 112 3181 171 3248; x_wconf 90' lang='lat' dir='ltr'>De</span> <span class='ocrx_word' id='word_1_251' title='bbox 195 3183 515 3270; x_wconf 77' lang='lat' dir='ltr'>praepositione</span> <span class='ocrx_word' id='word_1_252' title='bbox 538 3175 650 3266; x_wconf 81' lang='grc' dir='ltr'><strong><em>παρά</em></strong></span> <span class='ocrx_word' id='word_1_253' title='bbox 673 3203 756 3246; x_wconf 89' lang='lat' dir='ltr'>oum</span> <span class='ocrx_word' id='word_1_254' title='bbox 778 3180 920 3248; x_wconf 86' lang='lat' dir='ltr'>dativo</span> <span class='ocrx_word' id='word_1_255' title='bbox 942 3205 961 3248; x_wconf 93' lang='lat' dir='ltr'>e</span> <span class='ocrx_word' id='word_1_256' title='bbox 980 3182 1147 3266; x_wconf 66' lang='lat' dir='ltr'>verbis,⁴</span> 
     </span>
     <span class='ocr_line' id='line_1_31' title="bbox 157 3275 1084 3370; baseline -0.003 -23"><span class='ocrx_word' id='word_1_257' title='bbox 157 3281 409 3370; x_wconf 85' lang='lat' dir='ltr'>quibuscum</span> <span class='ocrx_word' id='word_1_258' title='bbox 430 3275 538 3364; x_wconf 84' lang='grc' dir='ltr'><strong><em>παρά</em></strong></span> <span class='ocrx_word' id='word_1_259' title='bbox 557 3303 642 3348; x_wconf 87' lang='lat' dir='ltr'>oum</span> <span class='ocrx_word' id='word_1_260' title='bbox 663 3282 860 3368; x_wconf 84' lang='lat' dir='ltr'>genetivo</span> <span class='ocrx_word' id='word_1_261' title='bbox 883 3282 1084 3367; x_wconf 82' lang='lat' dir='ltr'>coniungi</span> 
     </span>
     <span class='ocr_line' id='line_1_32' title="bbox 449 3380 804 3468; baseline -0.011 -19"><span class='ocrx_word' id='word_1_262' title='bbox 449 3383 566 3465; x_wconf 85' lang='lat' dir='ltr'>solet,</span> <span class='ocrx_word' id='word_1_263' title='bbox 589 3380 804 3468; x_wconf 82' lang='lat' dir='ltr'>pendente.</span> 
     </span>
    </p>
   </div>
   <div class='ocr_carea' id='block_1_7' title="bbox 78 3543 1181 3828">
    <p class='ocr_par' dir='ltr' id='par_1_9' title="bbox 78 3543 1181 3828">
     <span class='ocr_line' id='line_1_33' title="bbox 143 3543 1181 3636; baseline -0.006 -24"><span class='ocrx_word' id='word_1_264' title='bbox 143 3547 199 3612; x_wconf 86' lang='lat' dir='ltr'>Ex</span> <span class='ocrx_word' id='word_1_265' title='bbox 231 3545 346 3612; x_wconf 87' lang='lat' dir='ltr'>eadem</span> <span class='ocrx_word' id='word_1_266' title='bbox 372 3547 500 3611; x_wconf 85' lang='lat' dir='ltr'>ratione</span> <span class='ocrx_word' id='word_1_267' title='bbox 527 3569 592 3636; x_wconf 91' lang='lat' dir='ltr'>qua</span> <span class='ocrx_word' id='word_1_268' title='bbox 626 3554 659 3612; x_wconf 89' lang='lat' dir='ltr'>et</span> <span class='ocrx_word' id='word_1_269' title='bbox 686 3546 855 3633; x_wconf 84' lang='lat' dir='ltr'>genetivus</span> <span class='ocrx_word' id='word_1_270' title='bbox 888 3554 919 3609; x_wconf 89' lang='lat' dir='ltr'>et</span> <span class='ocrx_word' id='word_1_271' title='bbox 948 3543 1078 3609; x_wconf 85' lang='lat' dir='ltr'>dativus</span> <span class='ocrx_word' id='word_1_272' title='bbox 1108 3564 1181 3607; x_wconf 88' lang='lat' dir='ltr'>eum</span> 
     </span>
     <span class='ocr_line' id='line_1_34' title="bbox 78 3641 1181 3732; baseline -0.001 -26"><span class='ocrx_word' id='word_1_273' title='bbox 78 3642 154 3726; x_wconf 76' lang='lat' dir='ltr'>nupsi</span> <span class='ocrx_word' id='word_1_274' title='bbox 177 3645 289 3712; x_wconf 87' lang='lat' dir='ltr'>verbis</span> <span class='ocrx_word' id='word_1_275' title='bbox 311 3647 453 3732; x_wconf 88' lang='lat' dir='ltr'>passivis</span> <span class='ocrx_word' id='word_1_276' title='bbox 475 3647 611 3732; x_wconf 85' lang='lat' dir='ltr'>adiungi</span> <span class='ocrx_word' id='word_1_277' title='bbox 633 3655 758 3732; x_wconf 86' lang='lat' dir='ltr'>potest,</span> <span class='ocrx_word' id='word_1_278' title='bbox 785 3664 1028 3730; x_wconf 91' lang='lat' dir='ltr'>nonnumquam</span> <span class='ocrx_word' id='word_1_279' title='bbox 1051 3641 1109 3706; x_wconf 88' lang='lat' dir='ltr'>sed</span> <span class='ocrx_word' id='word_1_280' title='bbox 1129 3665 1181 3706; x_wconf 87' lang='lat' dir='ltr'>ra·</span> 
     </span>
     <span class='ocr_line' id='line_1_35' title="bbox 79 3735 1181 3828; baseline -0.001 -24"><span class='ocrx_word' id='word_1_281' title='bbox 79 3743 191 3812; x_wconf 78' lang='lat' dir='ltr'>tissime</span> <span class='ocrx_word' id='word_1_282' title='bbox 212 3746 336 3813; x_wconf 79' lang='lat' dir='ltr'>fantum</span> <span class='ocrx_word' id='word_1_283' title='bbox 359 3754 408 3811; x_wconf 88' lang='lat' dir='ltr'>est</span> <span class='ocrx_word' id='word_1_284' title='bbox 428 3756 465 3811; x_wconf 92' lang='lat' dir='ltr'>ut</span> <span class='ocrx_word' id='word_1_285' title='bbox 486 3746 529 3811; x_wconf 85' lang='lat' dir='ltr'>ad</span> <span class='ocrx_word' id='word_1_286' title='bbox 550 3745 698 3828; x_wconf 87' lang='lat' dir='ltr'>verbum,</span> <span class='ocrx_word' id='word_1_287' title='bbox 727 3747 845 3809; x_wconf 79' lang='lat' dir='ltr'>usitato</span> <span class='ocrx_word' id='word_1_288' title='bbox 872 3765 961 3808; x_wconf 85' lang='lat' dir='ltr'>more</span> <span class='ocrx_word' id='word_1_289' title='bbox 982 3764 1056 3805; x_wconf 83' lang='lat' dir='ltr'>oum</span> <span class='ocrx_word' id='word_1_290' title='bbox 1088 3735 1181 3824; x_wconf 80' lang='grc' dir='ltr'><strong><em>παρά</em></strong></span> 
     </span>
    </p>
   </div>
   <div class='ocr_carea' id='block_1_8' title="bbox 0 0 1422 4784">
    <p class='ocr_par' dir='ltr' id='par_1_10' title="bbox 0 0 1422 4784">
     <span class='ocr_line' id='line_1_36' title="bbox 0 0 1422 4784; baseline 0 1"><span class='ocrx_word' id='word_1_291' title='bbox 0 0 1422 4784; x_wconf 95' lang='lat' dir='ltr'> </span> 
     </span>
    </p>
   </div>
  </div>
 </body>
</html>
