2836 4784
157 373 197 438 68
686 367 749 423 Rau

56 600 63 619 ,
157 545 206 604 44.
242 542 300 603 159
331 535 533 621 temporibus
563 536 661 621 longe
694 535 894 601 difficillimis
926 543 1023 622 atque
1057 535 1269 620 gravissimis,

154 632 193 699 τὸ
215 638 319 698 ταῦτα
337 629 477 713 πάσχειν
498 630 624 714 ταχέως
644 632 702 699 καὶ
723 632 816 719 παρὰ
828 630 960 718 ,βραχὺν
981 631 1099 717 καιρόν
1112 634 1214 700 Α1111.
1232 634 1269 698 de

156 736 230 799 virt.
264 745 296 798 et
326 735 382 799 vit.
418 742 493 801 1251
518 759 539 801 a
559 741 589 802 9.
631 729 720 815 παρὰ
753 730 812 799 τὸν
837 727 988 813 πόλεμον
1014 735 1115 799 Isoor.
1145 733 1197 798 ΠΙ
1223 738 1270 799 24.

156 830 249 914 παρὰ
271 830 312 895 τὰ
336 830 429 895 δεινὰ
451 830 508 897 καὶ
529 829 608 909 τοὺς
627 827 801 913 πολέμους
825 832 978 898 Aeschin.
1000 832 1052 897 ΙΠ
1077 827 1145 899 1711.
1177 832 1269 897 simil.

155 934 319 998 Ρ1111.ν11.
349 932 430 1017 Lyc.
452 933 553 997 XXII
575 933 614 997 cf.
633 931 802 1018 VVyttenb.
824 930 998 995 Animadv.
1022 933 1057 995 in
1086 932 1134 996 Pl.
1162 933 1177 995 I
1203 938 1269 997 272.

156 1027 240 1095 ὥστε
259 1028 375 1113 μεῖζον
396 1026 467 1095 τότε
490 1034 635 1117 φανῆναι
655 1027 693 1095 τὸ
715 1025 848 1114 γεγονὸς
870 1022 890 1118 ἢ
908 1021 991 1111 παρ’
1016 1021 1116 1093 αὐτὸν
1138 1027 1197 1093 τὸν
1217 1032 1272 1114 τῆς

154 1126 261 1216 μάχης
282 1125 408 1213 καιρόν.
431 1132 546 1219 Polyb.
568 1131 619 1196 III
639 1136 687 1199 18.
709 1135 758 1197 85.
780 1130 866 1194 ·Ρ1111.
891 1132 948 1195 vit.
971 1128 1147 1195 Flaminin.
1169 1128 1234 1192 VH
1252 1130 1271 1193 f.

158 1224 243 1310 παρ’
266 1224 369 1295 αὐτὸν
389 1227 447 1295 τὸν
467 1224 618 1295 κίνδυνον
637 1228 753 1316 Polyb.
775 1229 807 1294 V
826 1236 875 1298 20.
896 1237 945 1296 41.
973 1223 1067 1309 παρὰ
1088 1223 1155 1313 τὰς
1170 1226 1278 1308 μάχας

154 1330 241 1396 Plut.
261 1355 292 1396 v.
315 1330 434 1397 Oleom.
456 1331 497 1396 Π.
518 1331 566 1395 vit
586 1331 657 1396 Nic.
678 1330 786 1394 XXV.
811 1329 895 1396 Mar.
917 1328 978 1393 XI.
999 1327 1158 1392 XXVIII.
1179 1327 1271 1393 Arat.

155 1429 284 1494 XXIX.
327 1427 418 1512 παρὰ
452 1427 493 1492 τὰ
527 1424 677 1497 Κελτικά,
698 1439 845 1516 temp0re
878 1428 1073 1494 incursionis
1104 1426 1270 1492 Gallorum

155 1532 210 1594 vit.
244 1530 336 1594 Rom.
362 1529 472 1593 XXII.
506 1539 538 1593 et
567 1527 747 1616 permultae
780 1527 939 1592 eiusmodi
970 1527 1150 1592 locutiones
1185 1524 1270 1612 apud

154 1627 375 1694 Plutarchum.
419 1620 554 1713 εὐήθεις
575 1622 624 1691 ἔτι
648 1624 705 1690 καὶ
726 1623 819 1710 παρὰ
840 1623 898 1712 τὴν
917 1623 1071 1712 τελευτὴν
1095 1621 1271 1708 διαμένον-

153 1749 208 1802 τες
231 1730 250 1790 1.
266 1750 290 1791 e.
310 1727 418 1791 stolidi
440 1730 537 1792 etiam
556 1729 589 1791 in
612 1729 686 1815 ipsa
707 1737 810 1792 morte
831 1720 998 1790 manentes
1020 1726 1158 1791 Lucian.
1181 1726 1270 1810 Nigr.

154 1826 263 1891 XXX.
295 1820 402 1908 γάμος
425 1818 471 1900 εἰς
500 1815 652 1909 danapri
681 1824 738 1912 τὴν
764 1819 898 1909 πρώτην
918 1818 1043 1909 ἡμέραν
1068 1818 1271 1910 κεκλήσομαι

153 1925 298 2012 Alciphr.
320 1926 371 1990 III
393 1931 442 2007 49,
466 1934 494 1993 4.
525 1923 617 2006 παρὰ
639 1922 696 1989 τὸν
717 1927 775 1989 τοῦ
799 1918 947 2003 πολέμου
969 1918 1121 2006 θόρυβον
1142 1923 1271 1990 Heliod.

153 2022 249 2090 Aeth.
271 2025 305 2089 Il
330 2032 374 2092 12.
404 2020 497 2107 παρὰ
519 2022 577 2110 τὴν
599 2019 747 2108 ἑταιρίαν
766 2023 811 2089 id.
830 2023 865 2087 Π
887 2029 916 2090 9.
947 2022 1049 2088 Vides
1072 2025 1174 2110 igitur
1196 2011 1271 2094 teln-

156 2147 234 2212 pore
266 2124 463 2210 procedente
495 2124 582 2189 hunc
609 2146 703 2188 usum
734 2122 954 2189 increbruisse
982 2123 1029 2186 ita
1055 2132 1091 2187 ut
1114 2125 1271 2209 primaria

154 2225 408 2309 praepositionis
431 2224 480 2287 vis
503 2225 633 2288 omnino
655 2225 835 2304 imminuta,
856 2224 921 2287 imo
945 2221 1075 2287 sublata
1097 2224 1148 2287 sit.

238 2322 343 2385 Tertii
372 2323 501 2406 generis
538 2322 689 2408 exempla
717 2344 756 2386 ea
784 2331 859 2386 sunt
886 2321 1004 2409 quibus
1035 2321 1174 2385 alteram
1202 2345 1269 2385 rem

153 2421 225 2488 fieri
257 2432 430 2507 antequam
463 2422 566 2486 altera
599 2430 733 2506 peracta
760 2422 802 2486 sit
828 2421 1008 2504 indicatur,
1038 2420 1079 2485 de
1112 2444 1177 2508 quo
1209 2443 1268 2485 usu

154 2521 276 2606 optime
299 2519 462 2605 Taylorus
484 2521 538 2598 (ad
561 2522 656 2585 Dem.
673 2519 713 2584 de
736 2543 800 2584 cor.
815 2525 838 2602 §.
853 2527 904 2598 13)
925 2530 958 2585 11
979 2521 1167 2585 acutissime
1191 2522 1269 2604 egit3

154 2619 271 2685 deinde
303 2618 521 2683 Buttmannus
552 2622 598 2696 (in
631 2618 728 2684 indic.
759 2619 853 2683 Dem.
881 2629 962 2692 orat.
991 2619 1097 2697 Mid.);
1130 2619 1268 2706 denique

142 2718 399 2783 Funkhttnelius
416 2721 460 2796 (in
472 2719 585 2784 Jahnii
598 2718 704 2783 annal.
719 2718 790 2782 Vol.
803 2716 968 2783 LXXVII
983 2723 1060 2787 1858
1077 2742 1109 2805 p·
1119 2723 1202 2795 3211.)
1216 2719 1269 2805 qui

152 2827 239 2882 recte
250 2817 415 2882 contendit
425 2817 591 2902 volgarem
604 2818 906 2904 interpretationem
915 2841 998 2905 quae
1008 2827 1057 2882 est
1071 2820 1182 2882 statim
1195 2828 1270 2903 post

152 2939 215 2980 non
240 2918 319 2980 satis
342 2927 530 2981 accuratam
554 2916 611 2981 sed
632 2918 679 2980 ita
696 2916 755 2980 has
778 2915 909 2982 dicendi
928 2916 1085 2982 formulas
1104 2916 1268 3003 explican-

153 3015 212 3079 das
235 3037 306 3078 osse
326 3025 363 3079 ut
384 3039 437 3079 res
450 3025 560 3100 gestas
574 3016 668 3103 quasi
688 3014 758 3101 geri
774 3018 972 3100 cogitatione
985 3015 1081 3080 nobis
1096 3015 1266 3100 fingamus,

152 3113 203 3177 vel
225 3113 272 3177 rel
294 3116 410 3197 gestas
426 3125 457 3178 et
480 3115 686 3180 condiciones
708 3113 785 3179 inde
805 3115 936 3180 effectas
951 3114 1096 3181 eiusdem
1111 3116 1267 3200 temporis

153 3234 234 3276 esse.
262 3211 362 3276 Plura
383 3212 479 3278 huius
501 3216 631 3300 generis
649 3211 804 3301 exempla
824 3216 912 3300 apud
934 3213 1190 3278 Demosthenem
1214 3235 1265 3277 ex-

151 3321 252 3376 stant:
286 3304 368 3393 παρ’
399 3304 482 3374 αὐτὰ
511 3310 552 3375 τὰ
576 3307 746 3396 συμβάντα
767 3314 899 3397 decor.
923 3319 992 3380 285.
1024 3313 1055 3378 h.
1079 3335 1105 3376 e.
1128 3334 1203 3376 cum
1225 3311 1266 3376 ad

151 3433 280 3475 sensum
305 3407 488 3497 spectamus
516 3414 625 3477 statim
647 3421 722 3499 post
741 3411 801 3476 has
821 3426 885 3484 res·¹
895 3420 1006 3498 gestas
1028 3411 1081 3475 vel
1106 3411 1265 3498 quomodo

149 3508 335 3575 Voemelius
358 3514 478 3597 optime
493 3511 636 3576 reddidit
667 3510 759 3576 clade
781 3510 1036 3602 adhucrecenti‚
1066 3521 1266 3597 quapropter

151 3631 254 3694 paene
277 3609 390 3674 eadem
415 3612 577 3675 sententia
606 3609 729 3674 dictum
757 3618 806 3674 est
833 3619 929 3697 atque
957 3601 1263 3697 (1101822611ςί-

150 3732 221 3772 mus
251 3703 346 3790 ἒνγὺς
366 3710 431 3770 τῶν
453 3702 563 3791 ἔργων.
598 3709 634 3773 Si
655 3711 722 3773 vim
742 3710 995 3795 praepositionis
1022 3700 1175 3773 accurate
1196 3707 1264 3773 red·

66 3872 73 3884 ,
150 3807 228 3871 dere
249 3806 413 3874 volumus:
441 3808 538 3872 rebus
560 3819 628 3871 tum
649 3807 751 3891 gestis
768 3807 1150 3894 commotus,·impulsus‚
1167 3809 1261 3871 inter·

129 3906 310 3991 'pretanda
340 3915 414 3971 sunt
436 3907 526 3971 *haec
558 3904 668 3971 verba.
726 3905 852 3971 Eadem
886 3909 1030 3981 oratione
1062 3909 1081 3987 ἓ
1119 3905 1262 3973 13111111

149 4005 314 4092 leguntur:
335 4007 408 4081 ταῖς
425 4000 461 4068 ἐκ
472 4008 539 4067 τῶν
549 3999 659 4084 νόμων
671 3997 848 4087 τιμωρίαις
862 3997 940 4089 παρ’
957 3998 1040 4068 aiod
1054 3996 1259 4093 τάδικήματα
