2836 4784
507 393 541 449 de
559 396 675 451 dialecto
692 395 877 451 Locrensium.
993 423 996 431 ·
1188 400 1248 464 263

131 559 276 627 slterum
297 585 356 652 pro
379 562 518 628 locativo
541 564 676 630 alterum
699 589 759 653 pro
776 561 1018 629 -instrumentali
1037 561 1166 626 habere.
1202 561 1250 626 Si-

131 660 242 726 nilem
275 682 434 747 agnoscas
462 663 686 731 formationem
715 667 748 731 in
770 659 917 742 ποτεχεῖ,
942 660 1008 726 tab.
1028 661 1106 726 Her.
1127 661 1153 744 I,
1179 667 1250 728 121:

131 754 198 822 ἓπὸ
225 762 276 822 τεῦ
299 763 429 840 ποτεχεῖ
451 758 569 839 Γέτεσς.

644 1053 737 1131 εει.
809 996 812 1001 ’

457 1198 514 1262 De
543 1200 748 1264 verborum
773 1197 928 1286 formio.

218 1371 246 1432 1.
283 1365 557 1429 Terminationem
580 1387 629 1427 ντι
653 1367 766 1430 tertiae
781 1390 867 1453 pers.
881 1366 964 1452 plur.
980 1363 1078 1429 activi
1093 1360 1247 1426 exhibent

131 1465 332 1551 conjunctivi
363 1457 458 1528 ἔισντι
485 1465 573 1550 Hyp.
601 1471 640 1531 29
668 1474 699 1529 et
728 1456 959 1544 ἀνδίχάζωντι,
990 1463 1048 1528 On.
1072 1469 1117 1528 to.
1160 1458 1247 1523 Indi·

131 1565 259 1629 cativus
282 1556 484 1650 φυλάσσοντι
508 1573 556 1628 est
577 1565 610 1628 in
633 1564 725 1630 Chal.
746 1566 795 1629 tit.
818 1565 855 1630 O.
876 1563 902 1627 I.
927 1569 1013 1631 1607.

142 1746 145 1751 ἡ
214 1663 269 1728 De
290 1682 328 1725 στ
350 1686 410 1749 pro
433 1666 480 1725 σθ
501 1665 535 1727 in
562 1665 747 1750 imperativi
769 1670 787 1732 3
811 1686 895 1751 pers.
919 1687 965 1748 sg.
986 1672 1018 1727 et
1038 1660 1127 1724 infin.
1148 1657 1246 1722 medii

134 1760 196 1846 jam
226 1761 426 1848 disputatum
456 1773 514 1828 est.
564 1763 794 1831 Concludimus
823 1764 945 1828 Locros
970 1762 1067 1825 ctiam
1095 1751 1246 1821 λείπεοτε

136 1880 190 1945 pro
214 1855 377 1925 λείπεσθε
399 1872 456 1927 etc.
479 1862 612 1942 dixisse.

213 1952 397 2026 Infinitivus
425 1964 524 2031 activi
551 1963 644 2028 verbi
671 1963 823 2050 barytoni
850 1950 993 2047 sequitur
1020 1957 1109 2044 apud
1128 1955 1242 2042 Hypo·

138 2059 311 2125 cnemidios
339 2060 507 2146 vulgarem
524 2050 700 2128 rationem.
743 2063 795 2126 Dc
817 2062 884 2145 EN,
904 2058 990 2147 quod
1016 2058 1243 2143 scriptumest

135 2157 164 2221 in
184 2158 287 2223 altero
310 2159 400 2224 titulo
424 2161 499 2225 vide
521 2166 540 2243 ξ
562 2169 580 2229 3
603 2162 646 2226 ad
667 2163 720 2226 fin.

149 2248 152 2256 ⁴
212 2259 338 2322 Locros
376 2260 475 2345 igitur
520 2263 567 2324 sic
604 2261 672 2325 fere
706 2283 859 2347 praesens
896 2257 989 2324 verbi
1027 2255 1242 2351 declinavissc

141 2365 287 2443 apertum
308 2365 365 2421 est.
480 2345 492 2367 ⁹

381 2457 462 2522 Act.
572 2422 574 2428 Ι
912 2453 1029 2524 Med.

153 2553 213 2608 ind.
234 2559 331 2618 λείπω,
349 2558 463 2621 λείπεις,
483 2560 572 2610 λείπει
744 2560 885 2626 λείπομαι,
903 2558 994 2628 temp,
1012 2560 1136 2610 triuerat

235 2641 376 2708 λείπομες,
395 2642 513 2704 λείπετε,
532 2642 658 2694 λείποντι
744 2639 915 2712 λειπόμεθα,
935 2642 1076 2704 λείπεστε,
1092 2641 1245 2690 λείπονται.

133 2722 210 2792 Conj.
233 2727 329 2787 λείποι,
350 2724 455 2796 λείπῃς,
474 2727 526 2777 etc.
749 2727 898 2795 trinepos,
917 2729 969 2779 etc.

146 2794 210 2875 opt.
230 2809 365 2878 λείποιμι,
382 2810 433 2861 etc.
730 2812 905 2881 ,λειποίμαν,
926 2813 976 2862 eto.

145 2888 213 2960 Imp.
233 2892 321 2958 λεῖπε,
335 2894 392 2964 etc.
463 2885 465 2890 ’
746 2895 850 2960 λείπεο,
869 2895 1014 2959 λειπέστω,
1033 2894 1085 2943 etc.

149 2972 212 3026 Ind.
232 2977 340 3029 λείπειν
366 2968 369 2975 ’
507 2999 509 3004 ·
582 3037 585 3042 7
744 2979 889 3035 λείπεσται

137 3055 214 3110 Part.
225 3059 349 3126 λείπων,
366 3056 429 3113 fem.
448 3073 542 3112 -ουσα,
745 3057 919 3130 λειπόμενος.

211 3141 276 3206 Pro
298 3142 427 3228 vulgari
450 3165 504 3204 ναι
524 3143 675 3207 infinitivi
698 3153 746 3207 est
765 3165 841 3224 μεν,
873 3154 909 3208 ut
930 3145 963 3206 in
982 3152 1049 3207 toto
1072 3141 1242 3204 Dorismo:

131 3228 234 3322 εἶμεν,
265 3235 405 3322 στολμεν,
437 3236 552 3321 δόμενε
583 3232 672 3322 εἶμεν
700 3233 848 3307 servatur
879 3245 976 3306 ctiam
1004 3244 1037 3305 in
1063 3241 1183 3304 recenti
1207 3239 1241 3304 C.

131 3339 152 3404 I.
178 3347 267 3409 1567.
407 3347 409 3353 '
1168 3356 1170 3360 ’

213 3440 359 3505 Tertiam
393 3464 477 3527 pers.
512 3444 592 3526 sing.
632 3451 696 3527 opt.
730 3450 791 3506 act.
827 3444 939 3506 coristi
977 3440 1073 3528 primi
1112 3458 1243 3500 servare

131 3562 330 3625 sempercs,
355 3550 390 3607 ut
411 3541 443 3602 in
465 3533 618 3615 σολοίσαι,
641 3542 699 3604 vix
722 3564 802 3626 opus
824 3563 1014 3606 memorare.

212 3645 241 3705 2.
285 3639 337 3702 De
359 3639 550 3703 formatione
578 3641 758 3724 praesentis
780 3640 860 3704 hacc
883 3639 1029 3730 monebo.
1074 3636 1186 3701 Verba
1208 3637 1241 3699 in

131 3758 206 3815 νσμι
227 3737 433 3801 thematicam
457 3760 622 3802 assumere
643 3738 789 3802 vocalem
811 3740 906 3804 docet
927 3730 1075 3816 ὀμνύειν,
1111 3736 1170 3801 Oz.
1196 3742 1241 3801 19.

131 3830 249 3900 Συλέω
272 3859 331 3921 pro
354 3829 465 3898 σολοίιο
481 3847 529 3900 est
542 3837 737 3923 Delphicum
761 3860 954 3924 quamquam
977 3838 1116 3900 acrisius
1134 3844 1242 3898 manet

131 3928 276 3997 ἒστίλσισσι
299 3934 347 4011 (Ε.
364 3934 452 3999 Curi.
475 3934 596 3999 Anecd.
610 3936 728 4022 Delph.
751 3959 826 4022 pag.
842 3941 913 4015 92);
925 3934 990 4002 sed
1013 3935 1109 3998 Locri
1126 3927 1238 3996 συλάισ

131 4033 312 4098 retinebant
342 4044 376 4097 ut
404 4043 541 4119 apparet
571 4057 610 4106 ex
641 4032 806 4122 συλῶντα,
832 4031 926 4118 ’σολῴ
950 4039 1057 4119 (opt),
1086 4031 1187 4120 σσλῆν
1208 4035 1242 4097 in
1296 4098 1299 4105 ,
