2836 4784
406 356 441 443 de
458 357 577 411 dialecto
594 354 793 431 Locrensium„
1088 365 1148 429 259

64 524 223 592 articulum:
243 523 361 590 sedeo
382 547 446 589 non
465 547 600 590 necesse
624 526 658 588 fit
679 526 800 590 formas
819 524 931 612 quales
953 519 1145 604 ποτθὲντες,

63 618 361 706 προκαδόεδικάσθω
384 623 462 700 (tab.
485 624 629 702 Heracl.)
650 625 764 690 Locris
784 624 960 689 vindicare.

122 725 161 788 At
176 727 273 789 etiam
287 724 592 810 magis'decurtatae
614 724 737 788 formae
760 735 848 788 sunt:
873 719 969 799 ἐτᾶς
983 717 1106 808 (oar),
1129 720 1145 788 ἐ

64 818 191 899 baianas
219 823 274 902 (ib.
304 830 350 906 3),
384 817 400 884 ε’
429 819 643 904 λιμένος·(ὶί).
672 829 718 906 4),
749 818 765 886 ἒ
793 818 905 903 δάμω,
939 819 956 886 ἐ
984 818 1147 887 κοινᾶνων

63 924 135 1009 (Hyp.
158 931 198 1005 4),
220 918 236 987 ἒ
258 915 452 986 Ναυπάκτω
473 923 527 1001 (ib.
551 926 579 1005 8,
603 928 664 1005 20),
692 915 795 998 κατᾶς
816 922 889 1001 (Oa.
916 928 973 1005 15),
997 921 1146 986 aaronis

64 1023 135 1109 (Hyp.
160 1031 196 1101 1),
220 1016 344 1097 ποιούς
365 1022 420 1099 (ib.
443 1027 504 1105 33),
524 1044 723 1110 ,quamquam
749 1015 849 1086 καττό
872 1030 995 1087 certum
1018 1023 1147 1087 videtur

63 1120 127 1206 Hyp.
144 1123 264 1212 4b⁴⁴p
288 1122 433 1209 Quarum
464 1121 523 1187 has
554 1132 706 1209 apertum
733 1132 782 1209 est
811 1145 831 1186 a
859 1115 979 1197 καττᾶς
1004 1116 1148 1199 nova-0159

64 1229 126 1283 ortas
150 1243 233 1296 esse,
259 1243 362 1307 neque
391 1221 487 1285 aliam
516 1222 694 1286 tribuemus
723 1224 880 1308 originem
903 1217 951 1286 illi
973 1216 990 1285 ἕ
1012 1223 1040 1286 si
1062 1225 1174 1310 com?¹

10 1398 14 1403 Ι
62 1339 187 1403 paramus
207 1315 394 1405 Hesych.
379 1322 491 1382 aazia·
521 1316 556 1383 ἐκ
578 1322 653 1387 τῶν.
697 1309 932 1407 Kirchhofiius
939 1316 1027 1387 nbi
1018 1345 1052 1386 m
1074 1320 1144 1408 phi·

61 1415 141 1503 lologo
162 1419 244 1484 Oa'
236 1420 373 1505 mscript
375 1420 479 1483 ionem
500 1422 731 1507 interpretatus
754 1432 811 1503 est,
838 1423 1048 1507 postquams
1034 1423 1146 1484 statuit

10 1530 18 1599 ᾗ
62 1510 139 1594 ἐτᾶς,
164 1513 179 1581 ἒ
202 1512 280 1581 λι’
236 1540 345 1597 μενος,
368 1541 410 1579 κα
431 1512 491 1594 ,τάς
512 1543 573 1608 pro
596 1513 698 1594 ε’ττάς,
724 1514 906 1599 ἐλλιμὲνος,
931 1513 1051 1621 aomos
1076 1542 1146 1584 esse

61 1618 156 1703 scripta
189 1620 300 1704 prisca
331 1617 389 1680 illa
425 1620 567 1704 satisque
599 1627 693 1682 nota
642 1619 870 1683 tscribendi
903 1615 1047 1699 ratione,
1081 1642 1144 1705 qua
1180 1622 1182 1629 ’

62 1714 156 1802 duplex
177 1740 319 1783 consona
346 1717 606 1803 per'simplicem
636 1717 818 1797 denotetur,
846 1727 916 1781 tum
939 1721 1036 1781 etiam
1059 1718 1144 1781 affir-

61 1819 136 1881 mavit
162 1826 264 1882 totum
293 1816 420 1881 titulum
445 1839 484 1880 ea
513 1819 559 1880 uti
589 1816 821 1901 orthographia
849 1826 884 1880 ut
912 1818 1038 1881 omnino
1070 1818 1144 1880 sim·

60 1913 136 1997 plices
157 1917 331 2003 praeberet
353 1938 411 2001 pro
435 1915 620 2000 duplicibus
642 1918 807 1996 consonis,
835 1915 932 2001 idque
954 1916 1025 1978 fieri
1047 1917 1144 1980 etiam

46 2011 99 2077 'ubi
118 2016 269 2100 distincta
297 2038 366 2079 sese
396 2016 561 2099 excipiant
589 2015 766 2096 vocabula,
794 2017 905 2101 itaque
926 2015 1040 2078 refecit
1060 2036 1144 2100 quae

60 2115 155 2200 scripta
184 2125 257 2180 sunt
285 2107 326 2176 αἴ
350 2137 382 2176 τι
405 2112 494 2196 oripi
523 2122 562 2177 et·
578 2104 768 2196 ἅδικοσυλῴ
796 2123 830 2176 ut
854 2113 1014 2198 legeretur
1037 2105 1078 2174 αἴ
1094 2135 1145 2187 τις

59 2210 122 2296 oripi
140 2225 171 2278 et
193 2206 317 2288 ἀδίκως
339 2212 437 2295 evipi.
480 2212 566 2276 Sane
594 2214 732 2298 vestigia
761 2215 829 2300 ejus
861 2214 959 2276 moris
983 2211 1144 2298 quaedam

59 2314 158 2379 suntin
179 2314 291 2379 titulo:
319 2307 491 2390 θαλάσας,
518 2305 656 2373 [αυτόν.
697 2312 762 2375 sed
784 2313 877 2391 istius
900 2313 1143 2390 consonantium

59 2406 171 2478 duorum
193 2411 424 2479 vocabulorum
448 2412 647 2487 confusionis,
666 2412 775 2474 nescio
798 2409 884 2475 unde
906 2410 1088 2496 exemplum
1102 2413 1145 2490 45)

60 2522 201 2595 sumatur,
230 2514 361 2576 minime
390 2520 478 2575 certe
504 2534 544 2574 ex
575 2509 802 2575 eodem‘titulo
825 2510 881 2574 ubi
903 2509 1021 2594 legitur
1041 2505 1146 2584 καιὰς
1247 2513 1250 2519 “

58 2606 205 2689 ουνβολᾶς,
231 2632 334 2697 neque
352 2632 394 2673 ex
409 2609 510 2674 altero
524 2609 662 2673 Locrico
684 2608 741 2673 ubi
764 2608 941 2672 adversant
928 2618 980 2672 tur
1001 2604 1036 2670 ἐν
1055 2602 1145 2670 Λαύ-

59 2716 250 2828 uprsovmp)
267 2711 368 2776 octies
391 2709 492 2794 script
494 2732 556 2822 um‘,
579 2701 754 2770 fascinator
768 2701 905 2786 νομίζει,
928 2701 1141 2786 correptior,

58 2795 142 2870 αὐτῶν
162 2802 303 2888 νομίοις,
328 2795 553 2869 Fsaoiorwr‘
517 2829 627 2896 νομος,
651 2803 708 2871 τὸν
725 2801 846 2921 νόμιον,
865 2807 935 2881 τοῖς
955 2804 1019 2871 σύν
1065 2807 1143 2870 Viro
1186 2863 1189 2870 .

57 2899 251 2975 illustrissimo
280 2907 424 2972 scribere
454 2906 576 2970 volenti
603 2901 712 2982 ἔμας,
743 2899 863 2980 roardo
886 2914 943 2970 etc.
967 2907 1071 2969 minus
1091 2928 1130 2969 re

57 3008 257 3088 pugnaverim.
297 3007 517 3071 Veruntamen
551 3000 566 3066 ἑ
596 3015 691 3069 tanta
724 3007 906 3070 constantia
941 3006 973 3067 in
1007 3014 1143 3091 utroque
1221 2996 1225 3003 ⁸

57 3100 126 3168 titulo
147 3106 343 3193 insculptum
366 3105 584 3191 suspicionem
605 3113 713 3168 movet
735 3103 914 3189 simplicem
936 3106 1144 3168 consonantis

56 3207 325 3280 pronuntiationem
359 3204 516 3285 indicari,
547 3203 582 3266 id
614 3203 701 3290 quod
733 3202 773 3266 de
805 3196 909 3264 notor
941 3197 1046 3264 κατόν
1072 3206 1143 3292 jam

56 3304 216 3386 suspicatus
245 3316 294 3371 est
317 3303 497 3368 Ahrensius
525 3304 604 3367 Dor.
635 3309 711 3384 356,
738 3324 853 3387 nempe
884 3303 1143 3388 praepositiones

54 3395 202 3485 nardum,
215 3403 353 3491 ¹abjecta
376 3401 464 3467 finali
480 3400 595 3479 vocali,
618 3399 754 3464 alteram
775 3403 867 3487 quasi
883 3424 1050 3487 apocopen
1065 3404 1143 3487 pati,

55 3495 157 3577 ephane
173 3506 205 3567 in
221 3504 325 3568 forma
341 3496 400 3583 πό,
422 3494 464 3563 κά
489 3511 628 3565 exstare.
650 3500 761 3585 Neque
784 3500 902 3564 desunt
922 3501 1087 3587 exempla3
1110 3512 1145 3564 ut

54 3595 118 3663 enim
137 3612 337 3688 praeteream
361 3624 399 3664 ea
419 3602 451 3663 in
468 3600 586 3687 quibus
602 3601 720 3666 nimius
737 3621 914 3664 concursus
928 3621 1142 3663 consonarum

54 3741 240 3765 ,x—
301 3743 303 3747 Α

90 3840 137 3909 ’44)
154 3852 282 3906 Fortasse
303 3849 458 3904 accuratius
477 3847 607 3900 scribitur
631 3847 684 3900 κὰτ
709 3847 749 3915 τ’ό,
775 3849 813 3900 πὸ
835 3847 908 3911 τούς,
927 3852 959 3900 ut
988 3847 1047 3916 πὰρ
1072 3847 1155 3914 vairp

51 3925 87 3978 ⁸⁸11
101 3935 156 3989 vide
175 3939 276 3990 Buttm.
298 3932 440 4014 Austiihrl.
459 3931 583 4001 Spraohl.
600 3929 635 3996 H,
654 3948 718 4001 pag.
737 3935 795 3996 373,
815 3931 915 3984 inimo
934 3930 1066 4000 margine.

104 4021 141 4086 45)
158 4019 229 4076 Nam
249 4017 416 4091 praepositio
436 4016 481 4068 vix
501 4033 550 4085 pro
569 4020 697 4084 separata
714 4031 781 4069 voce
798 4016 933 4070 habenda.
