2836 4784
154 349 212 412 158
628 339 761 393 Benselsr

152 510 272 574 diutius
294 517 466 596 perspecta
487 516 553 591 est,
587 530 707 573 novum
729 530 856 595 semper
886 505 1039 572 suffixum
1075 527 1239 578 succreses

153 609 327 674 Testantur
345 608 429 672 hanc
450 605 582 691 linguae
596 608 754 680 rationem
776 609 907 672 nomina
928 606 1066 694 propria
1089 604 1239 670 ultimorn

152 709 309 773 sermonis
344 706 454 771 Latini
497 705 761 790 saeculorum,
752 708 902 793 inprimis
944 707 1108 799 ingens
1104 705 1203 790 copia

152 811 259 872 i-anus
282 808 486 887 exeuntium,
522 828 623 892 quae,
661 807 867 921 quantumvis
889 808 940 871 ius
970 814 1002 870 et
1022 804 1097 870 ilius
1120 803 1239 871 termin

151 910 254 973 tiones
290 905 331 973 ab
363 893 498 997 (barus
526 893 682 984 (iluTnus
698 907 854 991 originem
877 916 908 970 et
923 905 1088 970 notionem
1106 902 1239 969 diversa

152 1006 341 1087 habuerint,
375 1017 498 1083 tamen
515 1005 573 1070 illa
600 1015 686 1070 aetat
673 1006 867 1071 tevicibus
895 1014 1021 1070 tantum
1049 1002 1239 1098 antiquiora

151 1108 254 1171 iuset
241 1106 350 1171 tilius
372 1106 464 1190 fungi
486 1107 623 1194 quisque
644 1106 807 1171 concedet.
838 1105 923 1169 Fere
944 1103 1058 1168 eodem
1075 1102 1174 1169 modo
1196 1125 1238 1168 os

151 1207 336 1272 terminatio
351 1215 482 1293 postero
505 1215 651 1292 ternpore
671 1229 709 1270 ac
724 1207 900 1294 praecipue
921 1206 955 1268 in
979 1226 1126 1298 sermone
1140 1201 1239 1288 vulga

151 1306 306 1370 Afrorum
326 1319 393 1371 tam
414 1306 565 1390 frequens
580 1315 637 1388 est,
660 1316 694 1370 ut
710 1307 877 1393 propriam
888 1304 987 1392 hujus
1010 1295 1086 1369 osus
1108 1302 1239 1371 notione

154 1427 287 1491 prorsus
322 1404 524 1469 debilitatam
566 1428 639 1470 esse
672 1405 724 1470 vel
760 1407 857 1470 etiarn
895 1405 1065 1468 evanuisse
1101 1423 1239 1489 appares

151 1504 278 1571 Afferre
299 1503 375 1568 licet
391 1506 487 1568 etiam
509 1506 767 1571 terminationem
783 1492 893 1588 sorus]
924 1526 1038 1590 quam,
1065 1504 1216 1590 quamvis

151 1626 299 1668 sermone
326 1603 444 1667 Latino
484 1602 658 1668 admodum
688 1627 815 1686 raram,
849 1613 958 1668 tamen
999 1603 1135 1689 stirpem
1166 1599 1239 1667 Ital

151 1703 385 1769 terminationis
432 1691 515 1769 io—cffi
559 1704 657 1771 multo
680 1705 910 1789 frequentioris
943 1726 1014 1769 esse
1037 1711 1180 1785 constat,
1210 1721 1239 1765 ο

150 1803 259 1882 Diezii
290 1802 510 1885 ,Grammatik
540 1805 597 1871 der
624 1805 861 1869 Romanischen
884 1803 970 1891 Spr.‘
1001 1801 1066 1868 vol.
1088 1801 1124 1866 Π
1145 1824 1178 1888 p.
1197 1803 1239 1869 29

151 1902 365 1969 Schuchardti
392 1903 578 1985 ‚Vocalism
605 1903 635 1970 d.
662 1902 857 1990 Vulga'rlat‘
883 1901 946 1967 vol.
968 1902 1002 1967 II
1029 1925 1062 1987 p.
1084 1906 1154 1968 252.
1203 1898 1239 1965 S<

150 2001 230 2066 haec
245 2011 490 2089 persequantur,
513 2003 569 2090 qui
583 2003 843 2086 Romanensium,
868 2025 950 2090 quae
965 2001 1127 2084 dicuntur,
1148 2000 1239 2086 lingt

151 2100 296 2185 student;
332 2101 427 2166 nobis
463 2104 540 2167 satis
574 2109 623 2169 est
655 2102 850 2185 ostendisse,
882 2102 1033 2167 Latinam
1062 2096 1212 2186 linguam

134 2197 136 2201 ’
151 2201 401 2267 denominativis
424 2201 633 2287 procreandis
656 2225 721 2266 non
736 2201 945 2267 abhorruisse
959 2200 1001 2265 ab
1015 2200 1239 2288 amplificati03

151 2299 311 2365 brevioris
332 2301 571 2366 terminationis
592 2324 652 2388 per
674 2324 760 2366 nova
781 2301 941 2388 quaedam
962 2300 1080 2367 suffixa
1103 2323 1142 2365 ac
1164 2318 1239 2386 pro]

149 2398 238 2464 nulla
260 2401 438 2464 mutatione
466 2403 607 2465 notionis
629 2402 753 2466 effecta.
797 2401 966 2481 Quatenus
996 2399 1127 2465 tandem
1157 2399 1239 2486 linge

151 2521 325 2584 progressa
349 2500 390 2562 sit
411 2501 445 2563 in
461 2499 522 2564 hoc
538 2501 644 2567 studio
659 2500 888 2588 amplificandi,
910 2500 1089 2565 illustratur
1108 2495 1239 2586 exempl

149 2597 311 2669 nonnullis
333 2621 353 2662 a
373 2598 597 2665 Schuchardto
619 2600 804 2682 ‚Vocalism
827 2610 867 2666 et.
890 2601 999 2686 q.-sq.‘
1017 2597 1079 2678 vol.
1100 2597 1135 2662 Π
1156 2622 1190 2685 p.
1209 2607 1239 2667 42

151 2719 168 2762 e
189 2720 335 2762 sermone
360 2696 488 2785 plebejo
510 2700 755 2786 inscriptionum
778 2701 996 2786 posteriorum
1026 2698 1169 2765 collatis:
1199 2721 1239 2763 oo

151 2795 305 2860 &arcersire
336 2796 545 2882 sa'ps‘llora'ursb
585 2798 847 2883 sabrpularabra'ua
877 2798 1129 2883 qreclnrairfflbe)
1159 2821 1239 2882 spec

150 2895 269 2960 lavim
285 2896 579 2980 peruastauerat
596 2898 825 2983 spewlnrsbmis
844 2897 1042 2962 arnamar-abs
1062 2897 1239 2961 mannonis

151 2994 244 3074 Quae
264 2997 480 3079 ¹quamvis-ita
508 2998 587 3079 sint,
619 3007 729 3076 tamen
757 3000 831 3062 huic
858 2998 1098 3062 ratiocinationi
1126 2995 1192 3062 duo
1215 2995 1239 3062 ol

152 3103 239 3158 stant
266 3094 475 3180 gravissima:
510 3096 700 3161 discrimina
728 3106 814 3161 aetat
782 3098 843 3162 atis
870 3107 902 3163 et
930 3120 969 3161 ea
997 3096 1161 3183 adjectiva
1185 3118 1239 3183 qus

150 3195 307 3258 veteres
297 3217 331 3257 ιιι
352 3218 409 3308 ιιι,Ι
425 3198 622 3260 recentiores
650 3197 683 3260 in
705 3199 734 3261 is
755 3199 1018 3263 terminaverunt.
1063 3194 1239 3308 Quod
1184 3196 1239 3260 eni

151 3295 185 3357 in
205 3292 378 3379 adjectivis
400 3296 433 3358 in
457 3297 545 3360 arius
567 3305 599 3361 et
627 3300 693 3363 aris
717 3296 909 3361 exeuntibus
916 3295 1099 3381 ,quoniam
1122 3295 1156 3359 in
1179 3297 1239 3362 aris

151 3392 303 3457 exeuntia
327 3391 411 3458 solus
433 3417 492 3481 per
513 3395 612 3461 breve
634 3397 798 3487 quoddam
821 3397 960 3482 spatium
983 3395 1139 3481 temporis
1162 3392 1239 3460 sern

151 3501 313 3576 vetustus,
344 3491 425 3558 haec
448 3517 542 3559 omne
565 3495 773 3562 subsecutum
802 3494 932 3581 linguae
955 3493 1239 3580 aevumprobabs

150 3592 221 3657 fieri
253 3593 372 3679 potuit,
408 3603 443 3659 ut
469 3597 502 3658 in
526 3583 597 3661 aris
626 3598 777 3662 exeuntia
807 3619 864 3682 per
887 3593 987 3658 breve
1007 3592 1088 3657 illud
1110 3604 1238 3680 tempor

153 3695 294 3780 spatium
321 3694 449 3758 omnino
482 3694 628 3761 obsoleta
654 3697 740 3760 facta
760 3706 829 3760 tum
852 3695 1124 3758 resuscitarentur
1147 3705 1179 3771 et
1200 3692 1239 3780 pl

150 3794 244 3863 niora
264 3793 298 3856 in
318 3781 407 3858 ari—us
443 3796 619 3860 terminata
653 3797 769 3860 iterum
803 3795 915 3880 lingua
948 3801 1172 3875 moverentur,
1205 3792 1239 3858 ht

151 3890 250 3957 multo
269 3894 374 3958 minus
397 3892 552 3958 credibile
575 3904 625 3959 est
644 3897 678 3959 in
695 3895 796 3960 altero
813 3915 931 3980 genere
945 3891 1180 3980 adjectivorum
1202 3893 1239 3979 jar

153 4003 340 4061 memorato.
383 3993 465 4073 Quis
493 3995 579 4059 enim
611 3994 673 4059 sibi
706 3992 916 4082 persuadebit
939 3993 1061 4057 formas
1080 4001 1115 4057 nt
1143 3991 1239 4073 deflare
