2836 4784
448 392 484 448 de
500 390 705 465 praepositione
722 391 809 465 παρά.
1144 399 1182 459 41

70 553 180 624 τίσατο
202 550 281 640 παρ’
307 552 385 639 ἐμοί
405 560 434 627 h.
453 584 479 628 e.
499 557 582 644 ἐμοῦ
604 553 795 640 δικάζοντος
813 559 930 628 Liban.
946 558 987 625 de
1003 557 1075 624 salt.
1088 557 1183 623 Tom.

67 661 114 725 III
135 684 167 747 p.
181 665 241 729 362
264 659 303 724 of.
323 660 472 726 Bestium
494 661 537 726 ad
559 661 721 727 Aristaen.
742 682 774 747 p.
791 665 860 726 240.
882 660 1066 748 Sequuntur
1084 681 1183 745 'quse

69 761 141 825 dam
164 759 356 836 locutiones,
378 760 412 825 in
434 760 553 848 quibus
575 754 668 841 παρά
692 760 735 825 ad
755 758 859 824 verbo
879 758 1031 846 loquendi
1054 759 1183 844 opposi-

68 869 134 924 tum
159 881 319 947 personas
347 859 471 934 indicat
496 859 588 945 apud
617 882 699 948 quas
731 857 834 924 verbo
860 859 949 924 fiunt.
1001 848 1078 936 παρ’
1111 852 1184 939 ἐμοὶ

66 956 148 1021 κατὰ
174 960 235 1022 σοῦ
256 952 389 1037 λέξουσι
409 953 538 1040 μάταια
559 955 617 1023 καί
638 951 731 1039 παρά
754 979 810 1022 σοι
832 949 901 1021 κατ’
926 952 1007 1038 ἐμοῦ
1039 955 1183 1042 Theogn.

69 1062 158 1125 1239.
182 1065 231 1127 40.
259 1059 298 1123 cf.
320 1057 581 1147 Pseudophooyl.
603 1065 672 1127 226.
708 1058 853 1144 Theogn.
875 1063 945 1125 625.
975 1050 1075 1138 λόγον
1102 1048 1180 1138 παρ’

66 1150 142 1237 ὑμῖν
164 1150 297 1243 ποιήσω
319 1157 474 1225 Dem.VI
487 1165 536 1228 32.
556 1150 634 1241 παρ’
659 1151 746 1243 ὄχλῳ
771 1153 880 1239 λέγειν
901 1157 980 1227 Eur.
995 1156 1094 1243 Hipp.
1111 1159 1183 1223 989.

66 1249 142 1338 παρ’
169 1248 257 1341 ὄχλῳ
279 1251 410 1343 γηράσει
429 1258 473 1324 ib.
489 1264 559 1326 213.
582 1252 690 1342 λέγειν
710 1248 789 1338 παρ’
812 1249 889 1336 ὑμῖν
908 1254 1031 1321 Din.H
1044 1262 1073 1322 2.
1086 1256 1182 1322 Dein.

65 1357 96 1422 V
116 1363 145 1424 4.
168 1355 251 1422 VHI
277 1362 317 1424 64
345 1367 403 1425 ote.
432 1356 628 1444 δημηγορεῖν
647 1359 743 1423 Dem.
765 1355 883 1422 XXIII
905 1362 952 1424 13.
1020 1424 1023 1430 ,
1084 1378 1088 1387 ·

148 1455 232 1524 Cum
255 1456 306 1522 his
329 1458 553 1544 coniungimue
576 1480 616 1523 eu
635 1456 739 1523 verba
760 1457 878 1545 quibus
901 1455 1104 1541 significatur
1127 1478 1179 1521 ao-

66 1565 173 1622 torum
195 1564 251 1621 aut
269 1555 474 1643 publicorum
496 1566 553 1622 out
584 1558 788 1643 privatorum
819 1554 1004 1641 exemplar,
1032 1557 1180 1641 pignore,

66 1655 203 1738 tabulas,
223 1655 349 1721 litteras
365 1656 455 1743 apud
476 1656 616 1745 aliquem
639 1654 787 1743 deposita
809 1677 896 1741 esse;
914 1655 1026 1743 quales
1048 1654 1182 1719 locutio·

65 1777 121 1820 nes
143 1754 334 1842 plerumque
355 1756 444 1842 apud
466 1766 611 1821 oratores
637 1757 826 1820 invenimus.
869 1747 963 1836 παρά
987 1774 1043 1817 σοι
1070 1775 1182 1836 παρα-

66 1848 261 1937 καταθήκας
281 1850 445 1919 κατέθετο
466 1856 545 1942 Lys.
566 1854 703 1919 XXXII
719 1861 765 1921 16.
791 1847 958 1937 διαθήκην
978 1854 1062 1919 Isse.
1081 1853 1130 1918 VI
1152 1860 1180 1918 7.

65 1960 112 2020 27.
127 1954 195 2020 VH
210 1961 237 2020 1.
251 1948 419 2040 συνθήκας
439 1948 668 2038 ποιησάμενος
686 1948 743 2016 καί
765 1948 909 2032 θέμενος
928 1952 1007 2039 Lyo.
1024 1975 1050 2018 0.
1065 1952 1180 2018 Leoor.

66 2058 114 2120 23.
138 2044 329 2138 ἀντίγραφα
351 2048 570 2133 κατεθέμεθα
592 2053 688 2120 Dem.
702 2052 782 2119 XLI
794 2059 843 2119 21.
865 2052 979 2118 XLIII
993 2058 1020 2117 7.
1032 2051 1180 2116 XLVIII

67 2160 111 2218 11.
154 2152 209 2218 Ad
232 2176 369 2240 querum
391 2153 589 2219 locutionum
615 2153 784 2241 exemplar
806 2152 927 2218 dietum
949 2161 999 2217 est
1026 2150 1114 2239 quod
1136 2150 1179 2215 le·

64 2254 171 2338 gimus
193 2253 283 2339 apud
305 2252 389 2318 Xen.
411 2253 484 2330 (An.
503 2252 536 2316 11
558 2262 584 2328 5,
605 2259 637 2330 8)
659 2245 736 2335 παρ’
762 2241 814 2329 οἷς
834 2276 878 2319 sc.
890 2254 988 2328 θεοῖς
1009 2245 1103 2337 ἡμεῖς
1121 2246 1179 2336 τὴν
1260 2292 1263 2297 »

64 2345 183 2438 φιλίαν
204 2346 406 2431 συνθέμενοι
427 2347 655 2432 κατεθέμεθα.

144 2450 300 2516 Looolem
321 2450 519 2516 intellectum
540 2445 634 2533 παρά
657 2474 730 2517 oum
754 2451 865 2518 dativo
885 2452 919 2517 in
940 2451 1028 2517 hisee
1046 2449 1177 2517 looutio-

68 2550 157 2616 nibus
172 2552 317 2634 retinuit,
333 2572 413 2637 ques
438 2552 515 2638 quia
536 2549 639 2616 dativi
659 2551 731 2618 looo
755 2554 852 2619 etiem
873 2553 1079 2617 accusativus
1101 2551 1179 2637 poni

64 2660 187 2737 potest,
224 2650 342 2735 dignes
371 2673 443 2715 esse
469 2652 583 2738 putavi
610 2674 692 2738 quas
720 2653 880 2718 afferrem.
922 2648 1015 2730 παρὰ
1044 2651 1179 2732 κρητῆρι

62 2743 160 2834 φίλοι
184 2751 349 2831 γίγνονται
371 2749 516 2836 Theogn.
538 2755 607 2818 643.
631 2757 700 2819 493.
723 2753 950 2836 981.·κρητῆρι
969 2745 1062 2830 παρὰ
1084 2740 1178 2830 πλέῳ

61 2841 290 2927 οἰνοποτάζων
325 2843 436 2912 νεικέα
472 2845 580 2931 λέγειν
613 2849 841 2916 Anaoreontic.
867 2850 978 2916 XCIV
1011 2856 1035 2915 1.
1070 2845 1177 2932 Apoll.

59 2949 120 3015 Rh.
148 2954 216 3015 158.
237 2950 343 3014 Nonn.
366 2949 461 3015 Dion.
483 2949 568 3018 XIII
593 2957 639 3016 15.
675 2948 851 3038 Σκυθικὴν
872 2944 973 3012 πόσιν
994 2937 1072 3025 παρ’
1097 2936 1178 3028 οἰνῳ

57 3046 252 3128 μελετῶμεν
274 3048 498 3116 Anacreontis.
521 3049 632 3114 LXIV
655 3057 701 3117 10.
731 3050 830 3137 Soph.
852 3050 890 3115 Ο.
913 3049 950 3114 R.
972 3053 1040 3115 789.
1083 3041 1177 3128 παρὰ

61 3143 154 3211 δαιτὶ
182 3141 404 3225 εὐχετάασθαι
434 3148 496 3228 Qu.
526 3149 593 3214 Sm.
615 3149 648 3213 Π
676 3138 745 3218 148.
770 3145 863 3229 παρὰ
895 3143 985 3210 δαιτί
1013 3141 1068 3209 καί
1097 3137 1176 3228 οἰνῳ

59 3248 210 3329 τερπνῶς
239 3239 424 3333 ἑψιόωνται
457 3247 563 3334 Apoll.
596 3246 656 3314 Rh.
678 3247 710 3312 A
735 3254 794 3316 458
818 3247 856 3313 ef.
880 3247 919 3327 Q.
944 3247 1073 3333 Smyrn.
1094 3245 1178 3310 XIII

60 3354 129 3415 384.
153 3337 253 3409 αὐλοὶ
281 3340 424 3424 κιθάραι
448 3368 484 3409 τε
511 3338 589 3430 παρ’
621 3338 812 3434 εἰλαπίνῃσι
840 3341 983 3410 πέλοντο
1010 3347 1053 3411 id.
1076 3345 1106 3410 V
1128 3351 1176 3414 66.

60 3445 106 3510 IV
131 3453 201 3514 134.
224 3442 317 3525 παρὰ
341 3440 492 3521 δείπνοις
512 3442 569 3508 καί
595 3441 653 3509 ἰπὶ
679 3438 877 3521 εἰλαπίναις·
899 3446 976 3511 Eur.
998 3445 1083 3511 Med.
1111 3449 1177 3512 194.

61 3544 178 3610 Aesch.
195 3544 338 3632 Ohoeph.
353 3550 423 3613 479.
445 3542 538 3627 παρὰ
558 3547 598 3633 τῇ
617 3538 730 3609 κάλικι
751 3541 808 3609 καί
828 3541 974 3631 τραπέζῃ
995 3545 1079 3610 Plut.
1092 3544 1176 3607 Mor.

64 3651 121 3712 124
134 3644 173 3709 Β.
218 3644 358 3731 Saepius
381 3644 512 3731 quidem
533 3639 627 3728 παρά
650 3668 723 3710 oum
743 3648 930 3711 accusativo
951 3647 986 3709 in
1011 3644 1062 3707 his
1089 3640 1175 3707 loou-

62 3743 203 3808 tionibus
217 3745 358 3830 positum
370 3753 426 3821 est,
450 3744 537 3831 quod
551 3767 593 3809 ex
607 3768 669 3810 usu
684 3745 856 3832 temporali
877 3742 1106 3832 explicandum
1127 3740 1175 3804 vi·
1212 3794 1217 3805 .

64 3841 154 3908 detur
176 3865 265 3922 esse;
300 3864 384 3907 nam·
398 3839 491 3925 παρὰ
512 3838 616 3909 πόσιν
638 3854 687 3910 est
708 3867 766 3932 per
789 3844 931 3924 convivii
953 3852 1096 3927 tempus,
1118 3837 1175 3903 du-

64 3950 153 4006 rante
176 3942 363 4012 convivio„
460 3938 462 3942 ’

146 4032 246 4121 Παρά
270 4063 342 4106 oum
373 4040 483 4107 dativo
514 4043 715 4129 pronominis
746 4039 928 4130 personalis
958 4038 1010 4104 vel
1035 4037 1175 4104 nominis
1265 4069 1269 4075 ·
