2836 4784
161 376 218 441 too
588 395 592 400 ’
654 370 749 443 flssssfl

156 539 220 619 ‚tho
246 526 338 604 same
365 548 498 626 strange
523 561 582 604 use
614 537 649 604 ot
671 532 757 622 τυρός
783 539 855 604 thot
876 560 924 602 we
949 535 1034 601 have
1055 536 1134 602 here
1155 558 1263 601 occurs

59 723 61 726 .
157 639 226 704 also
248 640 282 703 in
298 639 446 726 Thueyd.
460 640 502 723 V,
524 644 581 707 105
602 641 661 725 τῆς
680 634 741 721 μὲν
760 632 870 703 τοίνυν
891 631 977 719 πρὸς
991 632 1032 700 τὸ
1053 636 1154 701 θυῖον
1175 628 1263 716 τίμι-

152 732 242 815 νείας
264 730 338 802 οὐδ’
364 731 457 824 ἡμεῖς
477 731 626 820 οἰόμεθα
646 731 899 825 λελείψεσθαί,
928 737 989 802 sed
1010 736 1200 822 Kruegerus
1221 735 1265 800 ibi

154 834 240 922 πρὸς
260 840 319 901 τοῦ
344 832 442 902 θείου
465 837 672 904 scribendum
694 861 765 904 esse
785 847 902 904 monet.

239 935 396 1022 σχοίησαν
415 939 465 1004 ΙΙΙ
490 961 515 1002 α.
539 942 589 1021 42,
619 960 718 1026 quam
745 938 884 1003 formam
906 938 1059 1002 vitiosam
1081 944 1192 1000 censet
1213 936 1263 1001 Fr.

157 1037 324 1103 Frsnhius
346 1039 382 1101 in
401 1037 518 1103 Philol.
541 1037 646 1125 suppl.
674 1039 692 1103 I
711 1062 744 1126 p
767 1044 828 1107 452
857 1030 1081 1121 οίδοίηοαν,
1112 1059 1177 1123 quo
1199 1035 1263 1100 Ds-

156 1159 313 1202 moxenus
334 1138 435 1202 utitur
455 1160 508 1224 ap.
529 1135 645 1203 Athen.
666 1137 717 1203 HI
746 1162 778 1226 p.
804 1145 861 1207 103
882 1139 920 1222 Β,
948 1130 1130 1219 δοκοίηοαν
1151 1134 1264 1200 Aeseh

152 1237 197 1320 II,
224 1243 281 1303 102
303 1235 396 1302 codd.
416 1236 571 1303 nonnulli

235 1328 332 1423 ἡμίση
351 1336 369 1400 I
389 1337 504 1423 fragm.
526 1336 543 1402 Ι
564 1361 597 1424 p.
619 1341 647 1403 2.
668 1333 750 1402 Bab.
780 1335 855 1419 ,this
882 1358 958 1402 rare
981 1336 1067 1402 form
1098 1357 1212 1400 ooeurs
1232 1336 1263 1400 in

156 1436 320 1523 Theophr.
343 1435 484 1501 charact.
512 1432 590 1519 περὶ
610 1427 796 1517 βδελυρίας
817 1436 870 1516 (λ).
912 1435 1038 1501 Eadem
1059 1435 1169 1522 forma
1189 1457 1261 1500 usus

155 1545 204 1600 est
225 1534 351 1600 Aelian.
372 1535 412 1599 V.
433 1536 475 1600 H.
498 1536 555 1619 VI,
579 1544 593 1603 1
618 1544 651 1601 et
671 1544 746 1620 ante
763 1536 834 1622 jam
853 1535 1107 1618 Demosthenes,
1136 1536 1165 1600 si
1186 1535 1261 1600 fides

155 1635 307 1701 habenda
334 1643 384 1700 est
410 1634 494 1700 libro
523 1638 645 1723 optimo
674 1635 704 1695 Σ
723 1657 768 1699 or.
791 1635 933 1718 XXVII,
962 1641 1012 1703 62.
1032 1634 1195 1718 XXXVI,
1216 1640 1259 1702 36.

152 1735 274 1818 LVIII,
299 1741 338 1802 13
367 1736 406 1800 of.
428 1735 588 1801 Voemehi
614 1734 737 1823 proleg.
759 1758 896 1821 gramm.
916 1735 960 1800 ad
980 1734 1077 1801 Dem.
1100 1736 1259 1800 contiones

153 1857 184 1921 p.
208 1843 257 1902 59.
300 1834 457 1900 Defendit
483 1835 568 1900 hano
594 1836 732 1901 formam
762 1834 907 1902 Boeekh.
934 1834 1025 1922 Hyp.
1047 1858 1093 1900 or.
1114 1836 1150 1899 in
1169 1835 1259 1899 Dem

154 1957 185 2022 p.
209 1941 237 2016 8,
260 1934 448 2020 improbant
469 1937 676 2020 grammatici
703 1931 830 2002 veteres
855 1943 893 2000 ut
909 1934 1120 2001 Herodianus
1143 1958 1174 2020 p.
1195 1941 1258 2017 455,

152 2031 359 2118 Phrynichus
386 2035 420 2098 in
448 2033 554 2100 Bekk.
585 2036 696 2100 aneod.
725 2059 758 2122 p.
780 2043 830 2118 41,
853 2034 996 2100 Thomas
1018 2033 1107 2119 Mag.
1132 2033 1173 2098 of.
1196 2033 1258 2098 Sto

152 2134 254 2221 phani
274 2134 354 2198 thes.
375 2133 425 2199 ed.
446 2133 547 2198 Dind.
570 2157 594 2199 s.
615 2160 646 2201 v.
668 2130 797 2218 ἥμισυς.

234 2227 403 2314 θεράπων
429 2232 467 2297 fr.
491 2238 556 2301 102.
577 2235 656 2300 Poll.
674 2235 734 2317 ΠΙ,
757 2241 806 2317 74,
834 2233 890 2298 ubi
921 2231 997 2298 olim
1024 2230 1183 2297 edebatur
1203 2234 1257 2294 θε-

153 2325 347 2415 ραπόντων,
365 2342 436 2419 'quo
457 2332 618 2399 vocabulo
643 2335 745 2400 utitur
766 2334 862 2399 etiam
883 2332 992 2398 Laert.
1014 2331 1113 2418 Diog.
1133 2332 1193 2414 IV,
1213 2336 1256 2397 59.

236 2418 462 2517 θριπήδεοτον
482 2429 540 2518 τὴν
558 2425 704 2496 Ἑλλάδα
722 2434 760 2498 fr.
777 2439 817 2503 85
831 2424 905 2495 ἄντί
922 2433 983 2495 τοῦ
998 2425 1256 2515 διεφθαρμένους

153 2532 286 2618 proprie
308 2553 458 2597 corrosus
480 2541 514 2596 et
533 2555 651 2599 exesus
673 2555 694 2598 α
717 2532 884 2597 vermibus
912 2524 1081 2617 οφαγίδια
1105 2532 1163 2613 θρ.
1191 2529 1254 2595 Διί

153 2631 257 2719 steph.
280 2631 410 2696 Thesm.
431 2637 503 2713 427,
525 2625 614 2715 ῥίζαι
634 2634 691 2715 θρ.
713 2626 876 2718 Theophr.
896 2630 939 2695 H.
958 2630 1007 2696 Pl.
1027 2629 1089 2708 IX,
1113 2635 1160 2696 14.
1183 2635 1200 2696 3
1219 2627 1253 2693 of.

151 2730 293 2810 Boeokh.
317 2731 358 2795 de
377 2731 475 2796 inser.
495 2754 571 2797 nav.
593 2755 623 2816 p.
645 2737 705 2800 296
724 2741 791 2796 not
812 2730 856 2796 sd
877 2730 928 2796 III
948 2729 979 2794 A
997 2754 1028 2795 v.
1052 2737 1099 2799 16.
1124 2736 1170 2799 18.
1232 2779 1234 2788 ‚

234 2823 307 2912 ίερσί
329 2831 368 2895 fr.
390 2837 430 2897 52
452 2826 493 2893 τὰ
515 2832 581 2892 τῶν
600 2825 813 2916 τεθνηκότων
835 2821 928 2893 ὀστᾶ.
1039 2861 1041 2865 ’

237 2922 407 3014 ίσοδσίτης
428 2931 469 2996 fr.
487 2937 545 2999 180
565 2924 693 3008 ξενιλός
713 2952 764 3006 τις
785 2922 926 3011 δαίμων,
949 2915 981 3012 ᾦ
997 2924 1038 2990 τὰ
1054 2922 1192 3014 δημώδη
1205 2918 1250 3011 γί-

146 3052 229 3105 ναια
247 3026 303 3092 καί
317 3026 361 3115 μὴ
384 3026 471 3093 πάνυ
487 3027 657 3093 οιτουδαῖα
672 3024 788 3096 ἐτέλει.
807 3029 896 3117 Hyp.
912 3051 986 3098 eum
1002 3025 1255 3094 commemoravit

151 3132 185 3194 in
206 3153 252 3194 or.
271 3152 331 3216 pro
351 3128 494 3216 Phryne.
514 3128 595 3194 Lex.
615 3129 696 3195 rhet.
717 3127 880 3194 inBekk.
902 3125 1013 3192 enecet
1042 3149 1074 3214 p.
1097 3133 1168 3211 267,
1189 3113 1254 3196 3ιὸ

151 3221 246 3312 ἥλιος
268 3221 286 3291 ὁ
308 3224 366 3291 τὸν
387 3220 462 3292 ίόον
483 3221 610 3314 ἑκάστῳ
629 3222 782 3294 θάνατον
805 3221 972 3307 διανέμων
997 3226 1037 3292 ef.
1059 3216 1257 3294 ίσατέλιοτθς

153 3327 233 3393 Oroi
255 3327 421 3415 epitheton
443 3327 541 3415 Soph.
564 3327 604 3393 Ο.
627 3328 924 3397 o.1220.Lu0isn.
946 3348 996 3412 ep.
1014 3324 1145 3391 Saturn.
1166 3351 1193 3392 e.
1208 3327 1260 3394 32:

151 3422 208 3490 τὸν
231 3430 311 3511 γοῦν
330 3421 465 3514 ἥδιστον
487 3423 543 3490 καί
563 3427 857 3509 συμποτικώτατον
875 3419 896 3510 ἡ
918 3416 1077 3505 ίοοταμία
1101 3419 1181 3491 ἐστί,
1207 3409 1267 3488 καὶ

38 3607 42 3613 p
151 3519 363 3612 δίοοδαίτης
391 3527 451 3604 (sie
482 3518 666 3593 emendavit
700 3525 864 3593 Gesnerus
892 3524 979 3613 quod
1010 3532 1060 3589 est
1096 3525 1131 3590 in
1168 3517 1270 3592 libris

151 3619 349 3712 ίσοδιαίτης)
375 3618 493 3689 τούτου
519 3620 613 3690 ἕνεκα
642 3619 769 3712 ἡγεῖται
795 3620 871 3707 ὑμῖν
896 3626 959 3688 τῶν
987 3616 1194 3704 συμποσίων,
1220 3605 1271 3723 τίτί1

150 3723 189 3788 τὸ
211 3718 286 3789 ἴσον
305 3720 453 3801 ’ἅπαντας
478 3717 592 3803 ἐίηοιεν.
634 3726 793 3813 Hesych:
818 3717 1001 3810 Ἰοοδαίτης
1029 3715 1089 3787 ὑπ’
1118 3717 1215 3797 δνίωι
1228 3725 1271 3793 ..i

156 3819 329 3888 Πλούτων·
352 3817 419 3889 ὑπὸ
443 3818 480 3887 δὲ
501 3815 613 3887 ίίλλων
641 3819 659 3889 ci
683 3819 883 3900 Πλούτωνος
904 3817 984 3899 υἱός.
1005 3822 1099 3888 Phot.
1122 3831 1192 3908 115,
1216 3808 1271 3887 17

150 3923 261 3989 Alium
291 3946 362 3990 esse
388 3932 497 3990 censet
525 3923 710 3989 Lobeekius
739 3924 900 4013 Aglaoph.
922 3947 954 4010 p.
977 3928 1048 4005 621,
1071 3944 1168 4009 quem
1187 3921 1271 3989 Plu

150 4023 281 4091 terehus
298 4032 528 4092 commemoret
540 4024 666 4106 (moral.
683 4047 715 4115 p.
733 4029 819 4113 389):
833 4017 995 4090 Διόνυσον
1010 4017 1048 4087 δὲ
1058 4002 1271 4112 καίΖσμρέί
