2836 4784
533 101 568 159 de
585 101 788 174 praepositione
806 100 890 178 nupsi.
1227 108 1268 171 45

154 265 320 353 γενέσθαι,
344 269 521 336 Plutarcho
542 278 578 334 ut
598 269 736 354 videtur,
758 271 907 357 propria,
934 290 1021 358 quae
1044 260 1207 357 signifieat
1226 287 1269 332 ex

153 368 398 456 perturbatione
418 369 461 434 ad
483 390 519 434 se
540 368 663 452 redire,
688 369 739 433 sui
761 362 941 456 compotem
965 369 1048 435 lieri.

230 469 308 533 Non
339 468 442 534 solum
470 467 618 533 facultati
645 466 799 550 faciendi,
833 489 946 533 verum
981 469 1081 534 etiain
1101 462 1269 532 iudicandi

152 568 388 654 significandae
409 560 502 647 παρά
525 589 600 631 cum
620 566 730 631 dativo
746 568 951 633 coniunctum
966 568 1110 650 inservit,
1129 584 1269 652 quapro-

153 676 221 753 pter
244 665 290 731 ad
320 665 423 731 verba
454 666 622 731 iudicandi
643 665 781 751 putandi
813 666 985 753 reputandi
1010 666 1194 752 adpositum
1220 668 1270 726 est

152 765 263 829 eadem
287 766 413 830 ratione
435 789 499 852 qua
521 768 620 830 etiam
639 787 698 829 nos
720 766 963 851 praepositione
984 764 1033 829 ba·
1051 766 1173 829 utimur
1195 783 1269 827 cum

152 864 290 928 dicimus
316 861 369 927 bei
383 863 451 927 sc‘clu
474 864 605 946 (1661666,
627 862 680 928 dei
691 862 759 926 aaa
780 862 949 949 dherkqen.
979 866 1069 928 cuius
1083 885 1161 928 usus
1178 871 1270 946 tanta

151 965 197 1028 vis
220 961 448 1049 exemplorum
470 973 519 1027 est
541 973 577 1027 ut
602 963 710 1027 omnia
732 961 919 1031 adscribere
939 963 1020 1027 nihil
1042 964 1185 1027 attineat.
1207 960 1269 1024 Ra·

152 1063 216 1127 rius
232 1061 376 1148 quidem,
397 1083 638 1148 nonnumquam
658 1073 767 1125 tamen
787 1061 923 1126 verbum
946 1064 1100 1126 omissum
1114 1070 1163 1125 est
1182 1060 1270 1124 velut

152 1161 182 1225 in
201 1159 276 1226 loco
296 1159 432 1225 Pindari
454 1159 563 1247 (Pyth.
584 1159 619 1224 Π
641 1165 693 1236 72)
724 1154 902 1248 καλόςγτοι
923 1154 1049 1237 πίθων,
1074 1156 1166 1241 ιιαρὰ
1186 1179 1269 1220 παι-

152 1255 199 1322 σὶν
221 1249 278 1322 ἀεὶ
299 1256 401 1334 καλός
422 1281 505 1348 quae
526 1258 629 1324 verba
651 1281 723 1324 cum
748 1259 901 1325 Bosslero
923 1260 976 1338 (de
997 1282 1109 1347 praep.
1131 1281 1193 1323 usu
1215 1278 1267 1344 ap.

150 1357 253 1434 Pind.)
270 1357 456 1443 significare
478 1359 677 1445 putaverim:
715 1380 758 1423 ex
779 1358 900 1424 iudicio
922 1381 1118 1445 puerorum,
1153 1379 1195 1422 ex
1217 1379 1270 1421 ra·

152 1459 235 1522 tione
257 1456 429 1521 iudicandi
451 1478 534 1543 quae
560 1457 649 1544 apud
679 1478 798 1544 pueros
830 1467 888 1522 est
912 1458 1011 1523 -ltem
1037 1460 1193 1523 omissum
1221 1465 1270 1521 est

152 1555 288 1621 verbum
308 1557 343 1620 in
363 1556 443 1620 Eur.
459 1555 579 1620 Bacch.
599 1563 655 1625 401
683 1552 894 1638 μαινομένων
916 1554 988 1620 οἵδε
1008 1545 1267 1638 τρόποι-παρ’

151 1648 265 1737 ἔμοιγε
288 1657 410 1741 φωτῶν
432 1675 503 1719 meo
527 1655 658 1741 quidem
678 1656 809 1722 indicio.
852 1656 1076 1743 Maximcpere
1106 1656 1268 1743 placuisse

152 1753 229 1818 haec
243 1753 377 1818 dicendi
391 1755 476 1818 ratio
492 1753 645 1840 Euripidi
666 1756 807 1838 videtur,
830 1755 918 1842 apud
935 1777 1029 1842 quem
1051 1765 1176 1841 septem
1187 1756 1269 1819 eius·

152 1852 237 1918 modi
259 1852 324 1917 loci
345 1862 491 1917 exstant:
524 1844 602 1934 παρ’
627 1848 703 1939 ἡμῖν
725 1846 762 1918 οὐ
786 1851 896 1940 σοφὸν
916 1849 1012 1929 τόδε,
1036 1849 1178 1936 ἐχθροὺς
1205 1851 1267 1916 λα-

152 1947 251 2032 βόντα
271 1948 318 2035 κὴ
343 1942 577 2015 ἄποτίοαοθαι
599 1945 693 2038 δίκην
712 1953 843 2019 Heracl.
866 1960 923 2031 881
946 1952 988 2018 ib.
1010 1956 1081 2021 370.
1100 1952 1152 2018 ΕΙ.
1180 1959 1272 2020 1016.

153 2050 228 2116 Hec.
268 2056 357 2119 1247.
396 2049 468 2137 Iph.
490 2047 529 2115 A.
551 2054 612 2118 968
641 2052 738 2138 frgm.
767 2059 817 2120 87.
849 2059 921 2121 956.
969 2052 1081 2117 Pauca
1107 2051 1267 2117 eiusmodi

156 2149 305 2237 exempla
327 2151 425 2215 etiam
445 2148 534 2236 apud
555 2148 759 2217 Herodotum
780 2151 941 2238 leguntur.
974 2141 1054 2238 ἀνὴρ
1084 2144 1163 2233 παρ’
1192 2144 1269 2237 ἡμῖν

158 2244 348 2334 σοφώτατος
374 2241 549 2331 γενόμενος
575 2247 638 2313 VH
660 2255 720 2317 235
746 2252 789 2316 in.
822 2260 855 2317 61
894 2238 991 2328 οὗτος
1015 2243 1093 2333 παρ’
1129 2245 1205 2332 ἐμοὶ
1229 2248 1270 2337 τῇ

150 2338 258 2433 ,ὄνομα
280 2350 380 2411 τοῦτο
404 2339 536 2422 δίκαιός
557 2341 625 2411 ἐστι
649 2343 817 2435 φέρεσθαι
838 2348 883 2415 id.
904 2350 921 2414 Ι
943 2356 992 2418 32.

235 2448 304 2515 Sed
332 2447 429 2533 longe
458 2447 648 2533 saepissime
678 2448 815 2514 verbum
848 2448 1015 2515 iudicandi
1045 2450 1191 2537 additum
1220 2460 1269 2515 est

154 2549 237 2614 velut
258 2544 353 2631 παρὰ
374 2538 514 2630 Δαρείῳ
531 2548 625 2633 κριτῇ
652 2546 774 2613 Herod.
795 2549 846 2613 III
870 2556 938 2617 160.
968 2541 1046 2631 παρ’
1071 2544 1147 2631 ἐμοὶ
1176 2551 1270 2637 κριτῇ

153 2647 207 2715 Iul
235 2648 302 2735 Ep.
332 2646 350 2710 I
374 2647 417 2710 in.
445 2644 497 2722 (ef.
525 2644 588 2732 Ep.
617 2645 733 2713 XXIV
760 2647 829 2730 fin,
859 2641 927 2712 ὑπό
955 2668 1011 2712 σοι
1036 2651 1142 2738 κριτῇ)
1171 2643 1270 2730 ἐκρά-

155 2741 228 2831 τῇοέ
256 2766 318 2810 σου
344 2742 402 2809 καὶ
428 2745 532 2807 ταῦτα
558 2742 652 2829 παρὰ
677 2742 786 2828 Τρωσὶ
812 2746 984 2823 δικασταῖς
1009 2746 1052 2814 id..
1074 2772 1123 2836 ep.
1143 2749 1272 2815 XXIV.

155 2845 263 2911 Verba
283 2847 319 2910 in
331 2843 516 2911 huiusmodi
526 2843 748 2924 ‚locutionibus
763 2856 923 2933 usurpata
940 2857 1015 2912 sunt
1027 2848 1117 2918 haec.
1150 2848 1269 2914 δοκεῖν.

157 2943 265 3022 δοκεῖς
286 2936 364 3029 παρ’
389 2936 466 3030 ἡμῖν
487 2934 525 3006 οὐ
548 2942 798 3024 βεβουλεῦσθαι
819 2947 930 3022 κακῶς
952 2946 1176 3034 sophiram,
1198 2956 1267 3019 586.

153 3043 227 3111 Ilur.
241 3044 335 3110 Med.
359 3049 428 3112 763.
457 3041 536 3129 Lys.
558 3043 607 3108 VI
628 3050 677 3111 44.
703 3044 818 3112 XXVI
843 3050 890 3112 19.
917 3045 1006 3133 Hyp.
1024 3047 1058 3112 Π
1082 3054 1109 3113 7.
1135 3053 1182 3114 12.
1209 3050 1269 3115 Di·

153 3144 394 3212 nurch.·1105.
426 3140 520 3207 Dem.
543 3141 611 3206 XX
636 3150 702 3210 164.
745 3136 870 3229 κρίνειν
890 3144 972 3210 Ρ161.
995 3145 1209 3219 Theaetllll
1226 3149 1270 3214 D.
1358 3167 1362 3174 ·

151 3243 226 3331 Lys.
249 3242 298 3308 VI
319 3248 367 3309 64.
389 3240 467 3305 Din.
487 3239 550 3307 13.
562 3246 612 3308 94.
632 3241 667 3306 Π
682 3249 729 3311 22.
751 3244 847 3310 Dem.
863 3243 931 3307 XX
944 3250 993 3315 88.
1016 3238 1155 3311 οἴεσθαι
1173 3248 1269 3315 Darn.

149 3343 229 3410 XLI
251 3348 301 3410 29.
335 3342 383 3424 τῷ
406 3337 557 3422 λογισμῷ
577 3333 688 3404 πάντα
709 3335 787 3427 παρ’
812 3336 918 3426 ἑαυτῷ
939 3348 1113 3409 σκοπῶν
1133 3346 1267 3413 Philem.

149 3465 230 3509 com.
253 3441 365 3516 (Mein.
386 3440 435 3505 IV
455 3444 516 3517 34.)
902 3452 910 3469 ¹

231 3540 285 3606 Ab
297 3539 348 3604 his
370 3562 436 3605 non
455 3561 575 3625 magno
597 3540 769 3606 intervallo
792 3541 914 3607 distant
934 3527 1175 3609 exhortationes
1196 3565 1268 3609 ora-

146 3650 257 3706 torum
280 3638 393 3726 quales
413 3649 488 3704 sunt
515 3627 736 3726 σκέψασθε
756 3632 834 3721 παρ’
858 3635 937 3721 ὑμῖν
958 3635 1071 3716 αὐτοῖς
1088 3640 1167 3726 Lys.
1188 3641 1267 3711 142.

145 3739 244 3806 Dem.
268 3737 340 3804 fals.
362 3737 382 3804 l.
405 3745 433 3806 4.
455 3738 572 3803 XXIV
597 3745 664 3807 167.
693 3733 936 3823 λογίσασθεΙ
957 3731 1035 3821 παρ’
1058 3734 1135 3819 ὑμῖν
1156 3732 1269 3818 αὐτοῖς
