2836 4784
247 283 292 410 'aa
775 331 838 386 2³¹¹
937 405 944 414 .

248 512 283 569 et
292 504 441 590 genetivo
454 500 577 566 dictum
590 501 719 568 dativus
730 511 915 588 poneretur,
937 498 1082 566 velutad
1096 496 1233 563 verbum
1254 488 1366 580 τυγχά-

174 654 176 658 ,
214 615 217 621 '
252 623 326 679 νειν,
341 598 532 682 λαμβάνειν.
557 601 670 689 Neque
684 603 770 665 enim
781 600 871 665 locus
882 600 969 665 unde
983 599 1107 685 aliquid
1120 607 1226 680 exeat,
1243 597 1302 661 sed
1310 596 1366 661 ubi

251 705 294 767 sit
308 702 480 767 indicatur.
500 690 578 782 παρ’
603 695 739 782 ἐχθροῖς
760 693 892 784 θρήνων
911 700 1017 776 τυχεῖν
1038 697 1137 784 Soph.
1153 698 1206 763 Αἰ.
1222 703 1292 763 907.
1309 696 1365 761 Ar.

251 802 350 888 Vesp.
374 805 461 866 1462.
481 799 565 864 Xon.
585 798 647 864 An.
662 798 680 863 I
695 805 725 880 9,
738 803 788 865 29.
811 799 863 875 (cf.
883 801 1033 879 τιμῶμαι
1054 793 1147 880 παρὰ
1169 798 1267 871 θεοῖς
1286 795 1366 860 Χοο.
1390 864 1393 868 A

251 898 347 966 Hem
366 898 402 964 Π
432 905 464 981 1,
491 901 531 965 32
558 907 590 962 et
616 897 793 963 locutiones
821 902 851 979 ξ.
882 906 920 964 14
948 897 1085 974 allatas.)
1112 890 1259 978 τυγχάνω
1288 885 1363 974 παρ)

251 994 329 1080 ὑμῖν
358 989 497 1084 δικαίων
522 996 618 1060 Dem.
639 996 772 1062 XXVII
793 1001 821 1061 2.
856 995 1023 1065 XXXVII
1045 1001 1093 1063 60.
1112 993 1298 1060 XXXVIII
1318 999 1364 1059 22.

251 1092 351 1182 λόγος
372 1087 542 1182 ἀποδοχῆς
561 1089 712 1179 τυγχάνει
733 1094 827 1179 παρὰ
852 1097 924 1172 τοῖς
940 1087 1111 1160 Ιιίκοίουσι
1138 1093 1255 1180 Polyb.
1276 1094 1294 1158 I
1314 1092 1364 1159 δέ.

251 1197 282 1263 V
302 1202 332 1263 9.
356 1202 402 1264 10.
426 1203 473 1262 11.
497 1189 597 1273 δόξαν
616 1188 797 1277 λαμβάνειν
816 1189 910 1278 τιορά
931 1217 998 1260 τινι
1018 1197 1120 1262 Isocr.
1140 1194 1206 1258 XV
1224 1199 1296 1261 278.
1320 1184 1365 1255 δί-

251 1319 311 1383 κην
332 1297 426 1361 Dem.
447 1295 581 1362 XXXV
597 1301 646 1363 47.
669 1287 854 1380 ἀμβροσίην
876 1290 990 1376 λαβὼν
1010 1290 1103 1378 παρὰ
1123 1287 1242 1379 μητέρι
1262 1293 1362 1364 Noun.

138 1388 140 1392 ¹
251 1397 348 1461 Dion.
370 1396 421 1460 XI
450 1403 519 1463 241.
551 1390 650 1480 τιμὴν
676 1391 769 1477 παρὰ
791 1398 877 1457 πᾶσι
898 1389 1086 1482 κτήσασθαι
1116 1393 1194 1479 Lya
1216 1392 1301 1458 XIV
1320 1398 1364 1459 33.

252 1494 345 1579 παρὰ
362 1488 545 1580 Κρονίδαις
558 1490 677 1577 γλιαιὺν
698 1487 782 1558 ἑλὼν
803 1487 917 1576 βίοτον
936 1494 984 1560 Pi.
997 1494 1092 1581 Pytii
1107 1494 1141 1558 Π
1157 1499 1195 1559 25
1211 1494 1250 1558 cf.
1264 1492 1364 1557 Nonn.

251 1597 351 1663 Dion.
373 1596 445 1663 V8.
468 1588 561 1674 παρά
582 1615 648 1657 τινι
667 1587 764 1677 χάρις
785 1586 960 1679 ὀφείλεται
983 1593 1173 1660 Isocr.129.
1188 1592 1307 1658 XVIII
1321 1596 1364 1658 67.

251 1697 305 1773 (cf.
328 1688 423 1779 δίκην
443 1686 594 1779 ὀφείλειν
614 1691 707 1776 παρὰ
728 1696 775 1777 τῷ
796 1688 997 1780 πολεμάρχῳ
1017 1684 1267 1781 LysXXflI3.)
1290 1683 1364 1755 οὐδέ

183 1795 186 1799 ’
252 1817 303 1870 τις
324 1785 390 1857 ἀντ’
415 1785 557 1876 ἀγαθῶν
578 1788 654 1856 ἔστι
667 1788 762 1876 χάρις
781 1789 874 1875 παρά
904 1814 959 1858 σοι
986 1795 1131 1880 Theogn.
1155 1799 1243 1862 1264.
1269 1791 1363 1856 Arist

251 1894 341 1961 Eccl.
362 1900 431 1963 582
474 1888 558 1956 ὥστε
581 1891 780 1976 λειτουργεῖν
803 1888 941 1958 ἕκαστον
968 1885 1153 1972 ἀξιοῦσθαι
1182 1883 1262 1976 παρ’
1293 1883 1363 1970 ὑμῖν

251 1995 334 2061 Isae
357 1994 420 2059 VH
441 2000 459 2060 5
480 1992 538 2057 ubi
559 1992 708 2078 Scaliger
729 1985 807 2075 παρ’
831 1987 927 2073 ὑμῶν.
944 1994 1092 2074 mutavit,
1115 2015 1211 2079 quem
1240 1999 1362 2056 secutus

253 2103 302 2160 eet
324 2093 478 2159 Reiskius
489 2141 498 2175 ,
528 2093 587 2158 sed
612 2092 710 2176 salso,
740 2093 825 2180 quod
852 2116 894 2157 ex
922 2093 1003 2158 locis
1032 2092 1140 2158 allatis
1162 2099 1304 2178 apparet
1329 2087 1362 2152 cf.

254 2193 495 2258 Schtmannum
518 2191 611 2255 adh.
632 2191 652 2256 l.
674 2192 826 2280 Denique
844 2193 951 2258 locum
971 2191 1181 2278 Alciphronis
1204 2210 1362 2278 apponam

254 2294 311 2381 qui
333 2286 426 2376 παρά
447 2313 513 2353 τινι
531 2285 694 2370 ἐκμαθεῖν
710 2295 844 2380 scripsit
854 2292 903 2358 ΙΠ
917 2296 983 2358 641
1001 2292 1042 2359 cf.
1055 2292 1142 2357 Piut.
1153 2291 1271 2357 Moral.
1284 2289 1362 2356 37A.

664 2559 672 2572 ,
761 2478 792 2558 s.
823 2481 870 2544 io.

1045 2583 1057 2607 0
1389 2599 1393 2606 .

253 2618 771 2714 Dencqoipraepositione
791 2644 878 2692 cum
901 2626 1042 2691 dativo
1064 2626 1122 2690 ita
1145 2625 1362 2695 coniuncta

337 2724 573 2791 ut'dativus
594 2727 833 2791 accusativi
854 2727 945 2791 vice
962 2727 1059 2813 poni
1079 2723 1285 2806 videatur.

337 2891 548 2959 Notissimum
569 2904 618 2959 est
645 2903 677 2958 et
705 2892 850 2958 Graecos
879 2902 911 2957 et
938 2893 1073 2958 Latinos
1103 2891 1146 2956 ad
1171 2892 1276 2957 verba
1303 2915 1362 2958 mo

175 3053 179 3062 ,
254 2990 353 3056 vendi
381 3013 621 3078 nonnumquam
648 2993 924 3080 praepositionem
952 3014 1025 3056 cum
1053 3015 1133 3057 casu
1159 2993 1277 3078 quietis
1313 2992 1362 3058 ad-

254 3091 388 3175 iungere
410 3090 529 3173 solere,
548 3091 583 3154 in
605 3113 669 3177 qua
692 3091 822 3156 dicendi
842 3092 968 3155 ratione
988 3090 1250 3178 breviloquentia
1271 3115 1364 3180 quac

255 3188 332 3253 dam
353 3191 451 3272 inest,
473 3211 545 3254 cum
566 3201 671 3267 motus
693 3201 790 3277 atque
815 3192 997 3256 consecutio
1018 3202 1124 3256 motus
1145 3214 1210 3260 una
1240 3195 1362 3258 eadem·

256 3311 317 3374 que
332 3290 550 3353 enuntiatione
570 3290 871 3376 comprehendatur.
892 3291 947 3354 Ex
958 3300 1070 3356 nostra
1091 3290 1221 3354 dicendi
1242 3297 1364 3358 ratione

139 3443 142 3450 .
256 3397 351 3459 etex
373 3390 454 3451 artis
475 3387 601 3474 logicae
612 3389 744 3475 regulis
767 3389 938 3454 dicendum
973 3399 1022 3455 est
1042 3383 1120 3472 τιαρ>
1144 3383 1267 3467 αὐτοὺς
1286 3390 1364 3475 βάλ’

254 3483 330 3549 λετο
353 3479 490 3572 ἐδωδήν,
515 3489 572 3553 sed
591 3487 720 3571 Graeci,
735 3512 806 3554 cum
817 3480 1038 3555 condicionem
1048 3491 1190 3555 iaciendi
1209 3495 1364 3559 actionem

255 3594 440 3673 sequentem
467 3587 562 3652 simul
591 3588 736 3654 indicare
763 3587 883 3653 vellent
910 3585 1003 3671 παρὰ
1033 3584 1071 3651 δέ
1103 3610 1201 3675 σφισι
1234 3587 1362 3675 βάλλετ’

255 3679 381 3771 ἐδωδήν
401 3686 447 3764 (Θ
468 3693 540 3764 504)
564 3687 706 3752 scribere
728 3687 884 3753 solebant.
928 3687 1025 3768 Quod
1048 3692 1189 3754 maxime
1210 3693 1245 3755 in
1266 3693 1365 3758 verba

242 3780 389 3848 τιθέναι
402 3778 542 3866 βάλλειν
562 3778 694 3849 ἱστάναι
715 3781 854 3865 ἕζεσθαι
876 3789 973 3873 cadit,
994 3799 1063 3854 tam
1084 3781 1182 3876 saepe
1203 3791 1246 3856 ab
1269 3794 1365 3857 omni·

255 3883 316 3948 bus
339 3883 553 3970 scriptoribus
575 3907 646 3949 cum
670 3884 780 3951 dativo
810 3891 990 3975 composita
1019 3899 1055 3952 ut
1079 3911 1184 3975 pauca
1210 3880 1365 3978 exempla

255 3983 401 4049 attulisse
422 3986 502 4050 eatis
523 3988 572 4049 sit.
614 3987 662 4070 τῷ
683 3980 776 4068 τιάρα
798 3991 917 4069 κρειῶν
936 3989 1058 4070 μοῖραν
1085 3984 1192 4052 θέσαν
1213 4012 1232 4072 ρ
1254 3996 1315 4058 258
1340 3989 1365 4053 Θ
