2836 4784
372 333 406 388 de
425 333 582 390 nominibus
601 334 727 406 propriis.
958 301 961 307 Ι
1068 345 1127 408 166

131 518 296 609 upropria
314 517 373 583 illa
392 519 426 583 in
447 507 479 584 ᾗ
497 542 555 606 pro
583 507 640 585 ius
656 521 848 603 terminata,
877 543 960 609 quae
979 545 1038 588 nos
1059 524 1128 610 qui·

131 623 155 707 ut
171 615 203 682 id
221 626 418 704 repetamus,
440 619 639 706 plenioribus
661 621 695 684 in
713 607 764 685 isi-s
786 620 1008 686 desinentibus
1022 632 1129 709 poste·

131 723 211 782 etex
233 717 280 781 eis
302 719 506 805 correptione
526 729 605 783 nata
626 741 697 784 esse
717 730 886 808 putamus,
907 721 1015 808 ipsam
1035 719 1129 787 Lati·

131 816 250 902 'arguam
263 836 464 904 'procreasse
484 840 588 906 neque
610 817 651 884 ab
672 818 768 884 Oscis
790 820 934 905 petiisse.
976 819 1126 900 Quanam

131 914 239 981 atione
266 914 330 980 olis
357 937 398 982 ex
426 917 526 999 ols‘ue,
561 915 705 984 Olodsbe
730 917 860 985 Obdabs
882 918 953 983 fieri
973 921 1126 1006 potuerit,

131 1015 188 1080 lme
207 1014 389 1080 illustratur
411 1015 525 1082 formis
540 1017 610 1080 cuis
627 1014 701 1081 tae
722 1018 768 1082 es's
789 1039 806 1083 e
828 1017 922 1104 esaias
942 1017 1040 1106 bafias
1058 1021 1129 1106 epita

131 1114 268 1181 dictione
300 1124 450 1202 correpta
482 1117 583 1198 natis,
617 1115 805 1204 dequibus
828 1117 937 1183 confer
959 1115 1126 1184 Oorssenii

131 1217 181 1300 ge‘
202 1235 235 1301 p.
256 1220 326 1282 545.

131 1326 171 1381 ω’
194 1321 369 1403 postquam
402 1313 544 1380 vidimus
569 1325 601 1380 et
628 1315 791 1404 adjectiva
813 1322 844 1380 et
867 1315 1072 1382 substantiva
1094 1327 1126 1384 et

131 1412 198 1478 rina
219 1414 382 1479 nominum
404 1415 621 1503 propriorum,
644 1414 824 1500 dequibus
848 1415 930 1481 haec
950 1406 1126 1504 disputatio

145 1500 181 1578 i’s'
199 1515 385 1580 exeuntium
406 1513 571 1580 simillima
585 1513 739 1578 Latinam
760 1513 904 1599 linguam
927 1537 1126 1603 procreasse,

131 1611 268 1697 obmus,
299 1614 377 1701 quid
397 1614 439 1679 de
462 1614 586 1700 origine
607 1636 717 1680 eorum
741 1614 973 1701 judicaremus:
1009 1604 1125 1682 ister·

131 1734 217 1781 >uem
239 1713 341 1778 ineis
363 1721 564 1779 contractam
586 1722 618 1779 et
642 1723 824 1800 correptam
846 1736 918 1780 esse
941 1715 1125 1802 e-pleniore

131 1800 308 1901 cipali-itm,
335 1821 452 1892 restat,
473 1822 508 1879 ut
530 1813 571 1879 de
593 1812 807 1881 declinatione
828 1836 934 1902 pauca
956 1814 1130 1882 addamus·

131 1913 195 1978 nim
216 1914 404 1997 miraretur,
439 1913 468 1977 si
493 1921 529 1978 ut
550 1913 585 1977 in
604 1911 712 1978 multis
735 1913 807 1979 aliis
832 1915 933 1980 sicin
956 1914 1006 1980 his
1033 1937 1126 1981 voca·

131 2010 317 2078 leclinandis
338 2011 450 2099 lingua
471 2010 591 2078 Latina
611 2034 729 2100 parum
752 2013 815 2078 sibi
837 2015 1051 2098 constitisset,
1072 2012 1131 2079 vel·

131 2111 266 2177 scheleri
297 2111 514 2193 (,Grundriss‘
543 2133 570 2178 e.
598 2134 628 2201 q.
656 2134 680 2177 s.
712 2135 744 2198 p.
768 2120 801 2179 lt
828 2119 887 2198 sq.)
922 2111 989 2177 fere
1024 2111 1127 2178 verba

131 2234 161 2294 1,
173 2213 201 2276 si
216 2234 254 2278 ea
266 2211 437 2296 vocabula,
460 2234 543 2301 quae
559 2212 634 2277 siin
653 2199 707 2277 ius
733 2211 918 2278 desinerent
940 2211 1125 2296 secundam,

131 2309 218 2397 mlgo
253 2310 387 2394 dicitur,
420 2311 668 2377 declinationem
697 2319 922 2398 sequerentur,
953 2320 1125 2400 postquam

131 2410 346 2476 minationem
368 2412 401 2475 in
429 2400 724 2498 i's'corripuerunt,
759 2407 934 2478 secundum
966 2412 1125 2478 rationem

133 2508 368 2576 uocabulorum
391 2509 647 2594 declinarentur,
680 2531 816 2598 quorum
846 2511 948 2598 stirpe
966 2499 1124 2578 ivocalis

131 2618 239 2693 retur3
275 2632 380 2697 neque
413 2611 447 2676 in
480 2609 628 2676 omnibus
661 2610 800 2675 fortasse
835 2610 893 2675 sed
927 2620 1052 2676 tantum
1089 2611 1124 2676 in

131 2709 165 2775 lis
186 2706 382 2795 quibusdam
405 2705 559 2775 casibus?
592 2708 699 2796 Atque
721 2708 761 2774 de
782 2710 933 2776 vocativo
955 2732 1066 2775 eorum
1089 2712 1123 2774 in

131 2803 208 2876 ¹ente
228 2817 260 2874 et
279 2808 320 2875 de
341 2809 492 2896 genetivo
519 2808 554 2873 in
580 2795 681 2898 ipro
710 2797 744 2874 ii
763 2817 901 2874 exeunte
922 2809 993 2896 jam
1021 2829 1122 2897 supra

131 2918 145 3006 t
172 2907 464 3006 quid-sentiremus
500 2909 726 2996 exposuimus,
759 2930 858 2997 quum
881 2907 923 2974 de
952 2906 1124 2998 adjectivis

132 3017 200 3076 set
220 3010 286 3077 aris
305 3008 487 3074 terminatis
510 3007 752 3074 dissereremus.
784 3006 858 3073 Hae
879 3009 1123 3075 terminationes

131 3130 188 3193 ae,
218 3118 327 3175 utrum
347 3107 565 3173 contractione
591 3107 772 3173 litterarum
798 3105 943 3173 finalium
962 3117 1059 3174 natae
1081 3131 1123 3174 an

131 3208 270 3274 dnativis
285 3208 444 3295 correptis
467 3206 642 3271 secundum
658 3208 824 3295 propriam
841 3207 1004 3295 quandam
1024 3210 1122 3275 ratio·

131 3306 286 3374 eelinandi
306 3308 464 3373 formatae
486 3316 602 3390 essent,
634 3328 733 3395 quum
754 3317 893 3395 utraque
914 3310 998 3374 ratio
1021 3308 1123 3396 expli-

131 3405 388 3495 lefendiposset,
409 3429 474 3473 non
496 3427 595 3471 ausus
618 3428 688 3471 sum
710 3405 892 3472 decernere.
923 3407 1032 3488 Quum
1045 3430 1123 3473 vero

134 3507 266 3594 linguae
276 3507 416 3572 Latinae
430 3515 600 3593 utrumque
615 3506 781 3593 permittat
796 3514 947 3589 statuere,
961 3529 1122 3572 summum

131 3613 204 3672 dum
219 3629 378 3693 ponamus
393 3628 526 3671 necesse
547 3616 596 3670 est
619 3607 653 3670 in
675 3606 867 3672 testimoniis
890 3607 959 3671 sive
981 3628 1001 3672 a
1023 3607 1123 3693 scrip·

151 3702 221 3772 'sive
242 3707 276 3771 in
296 3704 562 3793 inscriptionibus
584 3705 723 3771 traditis.
756 3705 806 3771 Ac
827 3705 967 3793 primum
991 3703 1121 3789 quidem

131 3805 210 3872 ,dum
234 3814 285 3872 est
305 3816 436 3892 praeter
448 3805 647 3891 pronomaiu's
664 3805 727 3870 alis
740 3805 926 3890 genetivum
946 3801 1020 3885 ate,
1041 3803 1123 3869 dati-

131 3904 151 3970 'a⁰
178 3913 221 3986 (v.
244 3929 277 3994 p.
302 3910 371 3983 163)
393 3904 496 3970 dativi
500 3954 529 4000 ,-
547 3906 742 3987 accusativi,
777 3902 912 3969 ablativi
940 3901 982 3966 ab
1014 3901 1122 3987 aliquo

131 4004 195 4073 ubo
216 4006 357 4090 formati,
379 4006 434 4095 qui
455 4007 488 4071 in
510 4007 522 4070 i
543 4028 603 4093 pro
624 4007 671 4089 io,
692 4007 737 4073 im
758 4027 819 4094 pro
840 4007 922 4090 ium,
941 3990 1051 4091 idpro
1066 3991 1123 4072 iod
