2836 4784
521 318 554 376 de
571 319 688 376 delecto
705 319 894 375 Locrensium.
1203 323 1261 390 231

187 490 284 558 (lelblre
305 490 345 556 da
367 489 443 556 dial.
467 488 587 556 Arcad.
609 514 684 578 pag.
708 492 810 570 iifl)
852 490 891 555 In
911 491 962 556 his
969 540 977 573 ,
1007 490 1035 555 si
1051 492 1122 580 jam
1143 489 1262 556 vitiosa

185 592 376 678 pronuntiatio
404 591 608 678 irrepsisset,
631 593 726 657 etiam
751 591 832 657 alias
853 613 949 656 voces
972 590 1139 674 tetigisset,
1161 613 1264 679 neque
1382 607 1386 614 '

185 693 338 758 contrariae
364 691 597 779 suppositionis
620 691 770 778 exempla
792 691 999 768 deessent.²³)
1042 692 1195 757 Itucismo
1217 692 1265 756 in·

184 813 257 876 super
277 791 469 857 adversatur
491 793 524 856 in
545 800 655 858 nostro
675 792 767 857 titulo
789 791 944 858 mendosa
963 793 1125 877 scriptura
1140 786 1266 875 ye'vprsc

183 912 225 974 pro
243 882 385 976 γένηται,
410 914 474 980 qua
496 892 643 977 arguitur
666 914 693 956 ει
717 891 908 977 diphthongi
936 915 1032 957 sonus
1060 891 1149 957 haud
1169 891 1265 978 longe

183 988 212 1053 ab
238 1012 267 1052 or
300 991 457 1057 diversus.
500 990 692 1058 Rectissime
719 993 819 1078 igitur
849 992 1038 1057 Ahrensius.
1081 991 1142 1056 Εεῖ
1167 984 1265 1055 τείσω

183 1089 300 1171 eiusdem
322 1092 411 1156 modi
438 1093 543 1157 forma
565 1114 604 1157 ae
626 1085 735 1164 λείψω
763 1086 879 1177 (pateo).
932 1091 1091 1157 Praesens
1119 1093 1266 1177 suspicor

181 1185 257 1254 latere
275 1192 310 1256 in
330 1190 493 1257 Arcadico
515 1185 639 1256 νειένω.
681 1192 790 1257 Radix
817 1200 865 1256 θεῖ
891 1213 924 1253 τι
953 1197 1086 1266 (samer.
1104 1183 1156 1267 ls'a')
1185 1214 1267 1278 quae

179 1310 245 1371 pauo
262 1291 402 1357 afficitur
427 1293 461 1356 in
481 1283 576 1367 τείω,
606 1292 708 1358 altera
736 1291 986 1379 amplificatione
1016 1290 1213 1375 simpliciore
1234 1293 1266 1356 in

180 1384 251 1454 Hom.
269 1388 349 1466 νΐω,
378 1389 481 1468 atum
510 1415 550 1457 ex
573 1392 623 1456 his
646 1391 796 1479 prodiere
828 1393 937 1455 futura
966 1382 1078 1467 aedom,
1102 1387 1195 1454 storo.
1237 1380 1268 1454 Α

180 1484 357 1571 plenioribus
377 1491 501 1573 formis,
523 1492 557 1556 ni
578 1491 681 1572 fallor,
700 1490 787 1555 facta
809 1500 882 1554 sunt
894 1489 960 1554 Att.
983 1488 1076 1555 Pind.
1092 1485 1163 1564 aito,
1180 1483 1268 1553 eiuro.

180 1583 339 1676 Analogum
372 1599 421 1656 θεῖ
450 1590 588 1657 verbum
622 1587 707 1675 aar,
748 1590 825 1656 licet
852 1581 986 1673 φθείσω
1025 1612 1089 1654 non
1126 1591 1168 1653 sit
1203 1600 1267 1655 tra·

181 1683 267 1755 ditum.
460 1681 463 1687 ’

243 1794 268 1855 2.
300 1787 415 1856 Altera
437 1790 551 1870 elassis
568 1788 785 1875 diphthongos
799 1787 1022 1872 complectitur
1044 1788 1269 1873 conjunctione

181 1888 318 1955 vocalium
337 1890 479 1955 effectas.
522 1890 620 1954 Tales
647 1898 822 1953 occurrunt
842 1889 876 1951 in
898 1879 1032 1973 φθείρειν
1055 1887 1154 1972 (Hyp.
1177 1890 1227 1963 38)
1249 1910 1270 1951 a

182 1987 308 2070 adep-pio
320 2035 329 2065 ,
361 1981 458 2052 azael
486 1991 513 2053 si
535 1988 569 2054 id
590 1997 678 2053 recte
701 1988 848 2073 suspicor
867 1986 1041 2052 locativum
1064 2010 1133 2051 esse
1156 1988 1268 2073 stirpis

182 2075 270 2163 alleg:
293 2088 433 2176 denique
453 2091 487 2154 in
510 2088 590 2162 παῖς
612 2087 711 2173 (Hyp.
730 2092 788 2168 18),
812 2086 850 2152 cf.
873 2086 961 2153 Ourt.
980 2086 1089 2172 Etym.
1111 2109 1185 2171 pag.
1199 2091 1269 2151 270.

244 2187 285 2254 Αῖ
305 2188 474 2274 vulgatum
502 2196 550 2252 est
578 2186 852 2274 diphthongorum
880 2186 1015 2251 alteram
1034 2185 1176 2251 litteram
1198 2207 1268 2271 per·

182 2304 255 2373 saepe
276 2291 350 2376 ejici
371 2287 427 2354 ubi
446 2285 568 2353 vocalis
591 2289 750 2374 sequitur:
770 2286 855 2351 hanc
876 2286 1077 2351 affectionem
1100 2286 1195 2350 etiam
1213 2307 1268 2350 eas

185 2380 379 2474 diphthongos
403 2388 560 2453 sustinere
584 2410 667 2474 quae
690 2386 732 2453 ab
755 2385 1006 2473 amplificatione
1030 2387 1188 2469 originem
1212 2384 1267 2449 ha·

182 2478 238 2551 lent
268 2497 427 2553 testantur
455 2480 576 2561 πόλεες
601 2479 778 2566 (addat-eg)
804 2481 868 2564 χέω
898 2480 1026 2563 (gad-w,
1059 2479 1175 2562 χέῖ-ω)
1203 2494 1271 2564 ete,

185 2583 224 2649 led
246 2587 385 2674 plurima
411 2586 560 2673 exempla
593 2587 739 2651 invenies
775 2587 808 2649 in
840 2584 973 2670 syllabis
1009 2608 1091 2672 quae
1118 2585 1271 2650 exstitere

129 2720 132 2724 ‡
182 2702 293 2752 accessu
316 2687 426 2753 suffixi
446 2686 597 2774 alicujus,
626 2685 819 2771 praesertim
842 2684 951 2748 suffixi
971 2686 1017 2769 ja.
1060 2685 1171 2771 Neque
1191 2684 1272 2747 haec

183 2787 358 2852 consuetudo
380 2787 494 2852 Locris
517 2787 638 2871 ignota,
661 2783 797 2870 legimus
818 2785 918 2848 onim:

245 2877 408 2971 ἀδελφεός
435 2885 536 2970 (Hyp.
561 2893 587 2951 7.
611 2889 680 2963 29),
709 2883 822 2963 Hom,
850 2883 959 2963 Pind.,
990 2879 1125 2961 Herod,
1155 2880 1272 2944 Aesch.

182 2971 263 3049 theb.
285 2992 362 3068 9743
383 2976 566 3069 ἀδελφειός
586 2982 623 3047 Il.
648 2983 684 3062 E,
708 2988 756 3048 21.
800 2972 949 3067 ἀδελφός
971 2981 1083 3046 eodem
1105 2979 1201 3046 modo
1218 2979 1272 3045 de-

180 3090 320 3150 emaum
342 3094 391 3150 θεῖ
412 3108 474 3172 quo
498 3077 635 3163 δένδρον
655 3075 842 3160 (δένδρεον).

242 3178 355 3260 τέλεος
376 3184 476 3270 (Hyp.
492 3187 543 3258 47)
566 3174 917 3266 cartag-jornalem
938 3179 1041 3260 Hom,
1063 3177 1167 3262 Pind.,
1188 3178 1272 3262 Αῖῖ.;

175 3265 273 3359 ῑὲλεος
290 3284 356 3349 Αῖῖ.

174 3404 369 3429 k...-

231 3486 271 3551 22)
294 3483 359 3540 Non
379 3481 493 3536 adhibui
515 3478 727 3534 innumerabilia
748 3476 946 3548 Delphicorum
970 3476 1123 3530 recentium
1140 3475 1274 3545 exempla,

163 3561 256 3621 qualia
269 3573 377 3640 τειμᾶς,
395 3568 583 3637 προπέτεικεν,
601 3561 816 3617 ἇποτεισάντων
835 3560 979 3628 (Weseher
993 3564 1021 3613 et
1031 3560 1171 3627 Foucart),
1190 3575 1274 3628 quum

158 3628 241 3717 ⁸(61),
256 3652 338 3720 Εῑρις
350 3643 450 3720 (Ἰρις),
470 3647 574 3719 aracos
591 3647 731 3714 (Φείδων)
751 3646 806 3699 alia
822 3645 979 3697 ltacismum
998 3643 1126 3714 prodant.
1166 3643 1273 3695 Tamen

154 3724 308 3787 nnlltitudo
325 3733 511 3803 exemplorum
528 3729 627 3783 radicis
646 3749 686 3783 νει
703 3728 887 3783 memorabilis
904 3732 953 3781 est.

234 3821 275 3884 23)
301 3817 413 3871 Minime
437 3814 583 3869 excitanda
608 3818 650 3867 est
672 3812 760 3867 forma
782 3820 841 3883 τρῖς
865 3810 985 3880 (Heracl.
1009 3810 1093 3874 Tab.)
1115 3826 1164 3877 pro
1190 3816 1274 3878 τρεῖς.

150 3893 240 3960 τρεῖς
256 3905 346 3956 ortum
364 3906 406 3954 est
426 3917 443 3954 a
460 3900 562 3970 soti-ac
580 3895 699 3966 (Sanscr.
717 3898 842 3967 trop-aa),
860 3899 892 3948 ut
910 3894 1007 3956 πόλεις
1025 3910 1042 3946 a
1061 3891 1195 3961 ndtajuc,
1215 3897 1276 3976 spic

147 3971 256 4038 *utem
272 4002 289 4040 a
307 3990 411 4059 νρί-εςε
428 3982 497 4037 Ahr.
515 3981 584 4036 Dor.
604 3984 662 4034 278.
