2836 4784
165 365 222 429 156

161 492 881 631 femorwl'ffg‘ussabellorum
907 478 1030 600 'nomen
1054 505 1213 619 Potesne,

12 646 20 655 ·
52 660 115 687 ..-·
152 630 246 700 ‘ess‘e't
265 631 333 699 fere
354 632 506 698 Latinum
536 633 673 699 Palleat
699 633 861 699 Pallantos
881 634 1054 718 Pollaitc‘as,
1087 633 1255 708 Corssenir

159 733 295 815 ,Kuhn’s
325 732 521 797 Zeitsohrift‘
549 732 609 798 vol.
632 733 681 798 IX
709 756 740 820 p.
763 739 821 800 149
855 734 976 815 arania
1013 755 1056 801 ex
1077 733 1255 808 Umbrorm

164 832 297 897 Tralata
310 842 342 897 et
356 833 467 898 Kotais
480 833 677 899 Ausrechtus
698 841 730 898 et
741 833 962 901 Kirchhoffius
972 835 1170 902 Monument.
1180 835 1255 926 linga

160 933 273 999 Umbr.
295 956 326 1021 p.
350 937 410 1001 392
433 956 514 1021 sqq.‚
542 956 560 998 e
581 933 785 999 Faliscorum
804 933 974 1018 Panamara,
1004 956 1143 1022 quocum
1170 939 1255 1007 conta

160 1033 610 1113 etflsupciv090.1.(}r.
636 1057 667 1098 u.
690 1039 769 1102 4765
800 1042 831 1098 et
860 1025 1098 1115 Πετρώνεις
1125 1035 1167 1101 ib.
1186 1039 1255 1122 9665

160 1133 192 1216 b,
215 1141 248 1198 et
268 1133 389 1199 Latina
408 1135 540 1201 nomina
564 1134 675 1199 Verres
701 1131 808 1197 verm
834 1132 973 1216 Verrius,
994 1132 1035 1198 de
1057 1133 1174 1222 quibus
1191 1136 1255 1202 iubs

160 1224 299 1320 amplius
328 1242 526 1320 exponetur,
553 1232 751 1300 Ritschelius
774 1231 941 1320 Supplem.
965 1255 999 1320 p.
1021 1239 1040 1300 6
1068 1255 1112 1299 ex
1139 1235 1255 1322 iuscvip

159 1334 246 1398 tione
267 1332 408 1419 quadam
430 1333 570 1399 contulit.
614 1332 707 1413 Quae
727 1356 826 1420 quum
846 1333 894 1397 ita
916 1333 979 1397 sint
1001 1333 1206 1422 ejusdemque
1221 1333 1255 1399 rai

160 1431 309 1518 exempla
329 1434 364 1497 in
383 1431 503 1519 linguis
523 1432 694 1516 Oscorum,
715 1432 924 1511 Umbrorum,
947 1430 1153 1517 Sabinorum,
1171 1432 1255 1500 Faus

162 1554 272 1597 corum
294 1541 431 1608 exstent,
456 1532 665 1598 Corssenium
685 1533 794 1618 opinio
814 1531 935 1615 fefellit,
957 1554 1056 1617 quum
1076 1531 1255 1620 ,Ausspnd

160 1654 189 1719 q.
204 1632 240 1697 s.‘
258 1632 322 1698 vol.
335 1633 353 1696 I
365 1654 396 1719 p.
411 1637 472 1702 289
482 1641 516 1697 et
526 1657 557 1720 p.
572 1639 631 1700 758
653 1642 717 1697 not.
731 1632 805 1697 edit
826 1638 854 1698 2.
878 1630 1088 1697 contenderet
1108 1632 1255 1698 Romano!

158 1732 243 1798 hano
263 1731 544 1816 consuetudinem,
574 1755 639 1819 qua
658 1732 876 1797 nominativos
896 1732 1064 1797 nominum
1084 1733 1120 1797 in
1140 1722 1190 1798 iti—s
1209 1741 1255 1797 ter

158 1833 354 1898 nnnatorum
381 1835 415 1898 in
435 1821 469 1899 is
493 1833 546 1899 vel
571 1823 824 1919 icorriperent,
845 1829 887 1895 ab
910 1831 1005 1896 Oscis
1027 1839 1059 1895 et
1081 1825 1255 1900 sabellini

159 1955 251 1998 suum
274 1955 452 1998 sermonem
468 1941 500 1998 et
520 1934 717 2020 scripturam
739 1934 910 2019 recepisse.
954 1930 1056 2017 Cujus
1085 1933 1255 1999 sententiat

158 2042 193 2097 ut
215 2032 424 2096 verisimilem
445 2033 563 2115 faciat,
585 2055 715 2098 causam
739 2032 849 2114 affert,
879 2053 962 2119 quae
983 2028 1072 2094 nulla
1093 2040 1158 2116 est3
1190 2044 1255 2099 oon

158 2141 254 2218 parat
276 2132 361 2196 enim
384 2155 457 2196 cum
479 2132 541 2197 hac
563 2131 794 2197 consuetudine
814 2131 949 2197 alteram
968 2129 1116 2196 vocalem
1137 2132 1255 2218 produc

158 2233 281 2296 tamin
305 2233 467 2317 scriptura
489 2230 686 2316 geminandi,
710 2231 752 2296 ab
764 2231 864 2296 Accio
881 2231 1096 2316 grammatico
1118 2232 1152 2296 in
1174 2232 1255 2314 scri}

158 2341 264 2396 turam
285 2330 465 2396 Romanam
487 2331 717 2413 introductam,
739 2355 836 2418 quam
858 2331 901 2396 ab
924 2331 1019 2396 Oscis
1040 2329 1206 2398 Romanos
1226 2347 1255 2401 rt

160 2432 285 2517 cepisse
308 2439 442 2495 constet.
476 2431 583 2512 Quum
605 2455 683 2497 vero
705 2433 922 2497 nominativos
943 2432 978 2496 in
997 2420 1194 2499 iexeuntes
1221 2426 1255 2499 dl

159 2539 233 2595 ante
265 2530 360 2595 Accii
392 2539 530 2596 aetatem
564 2532 793 2619 inscriptiones
828 2532 965 2626 Latinae
1001 2532 1143 2618 prodant
1180 2543 1255 2622 atqu

159 2630 258 2696 iidem
291 2629 370 2695 Osci
407 2630 489 2697 tales
523 2633 740 2697 nominativos
776 2630 903 2719 abjecta
936 2655 952 2696 s
982 2632 1091 2698 littera
1118 2635 1255 2699 noverin

161 2732 258 2795 etiam
279 2728 364 2795 hanc
392 2731 603 2817 scripturam,
634 2731 686 2798 vel
716 2733 905 2820 priusquam
930 2733 1150 2808 nominativos
1173 2732 1255 2800 osc<

157 2831 192 2894 in
218 2817 251 2895 is*
270 2839 425 2896 exeuntes
447 2833 661 2918 recepissent,
690 2833 834 2897 imitatos
856 2832 993 2898 Latinos
1012 2854 1082 2898 esse
1104 2831 1255 2899 contendi

159 2930 256 3011 Quod
277 2930 356 2994 mibi
379 2932 425 2994 sic
445 2930 516 2995 fieri
537 2933 681 3018 potuisse
701 2955 764 2998 non
787 2931 957 3018 probabile
984 2930 1123 3002 videtur.
1166 2932 1255 2999 Nimi

158 3030 245 3095 enim
274 3029 495 3115 discrepantia
523 3041 572 3096 est
602 3034 686 3097 inter
715 3031 818 3097 solam
846 3032 1042 3118 scripturam
1069 3033 1255 3117 grammati«

159 3128 294 3217 alicujus
312 3130 504 3195 auctoritate
524 3132 730 3197 constitutam
747 3141 843 3216 atque
857 3153 934 3196 mox
950 3130 1128 3197 obsoletam
1149 3141 1181 3197 et
1195 3133 1255 3199 into

158 3230 295 3294 formam
324 3229 488 3314 antiquam
517 3253 611 3296 casus
644 3230 780 3320 alicujus
801 3255 859 3317 per
880 3239 980 3296 totum
1007 3230 1140 3316 linguae
1161 3254 1255 3298 aevua

159 3340 268 3394 notam
290 3327 541 3417 probatamque,
572 3351 668 3417 quam
690 3339 726 3395 ut
746 3330 805 3395 tali
835 3330 1077 3415 comparatione
1097 3329 1255 3419 quidqua

159 3429 377 3515 proficiamus.
421 3427 457 3492 Si
479 3428 563 3492 enim
589 3429 675 3494 idem
697 3454 774 3495 usus
795 3430 1010 3495 nominativos
1033 3430 1066 3493 in
1088 3417 1255 3496 iusexeua

158 3538 206 3593 tes
227 3530 261 3594 in
282 3519 316 3594 is
333 3550 459 3615 quoque
479 3529 675 3595 terminandi
698 3530 787 3617 apud
806 3529 919 3610 Oscos,
943 3525 1100 3610 Sabellos,
1122 3528 1255 3596 Umbros

158 3628 307 3693 Faliscos
329 3626 445 3705 valuit,
468 3637 503 3691 ut
524 3639 610 3694 certe
632 3629 751 3712 valuit,
778 3631 854 3714 quis
872 3638 936 3709 est,
956 3628 1011 3712 qui
1035 3626 1177 3712 dubitet,
1197 3631 1255 3718 qui

158 3729 278 3792 Latina
298 3726 442 3816 ejusdem
465 3729 700 3795 terminationis
722 3730 852 3794 nomina
867 3763 905 3775 —
930 3748 1063 3813 quorum
1085 3736 1177 3793 tanta
1197 3728 1255 3794 mul

159 3827 262 3892 titudo
286 3824 508 3912 exemplorum
529 3827 650 3892 tradita
672 3829 734 3893 estl
757 3866 795 3876 —
824 3830 897 3913 ipsa
920 3827 1039 3890 Latina
1068 3826 1180 3913 lingua
1201 3850 1255 3916 pro

159 3928 319 3995 creaverit
339 3949 398 3991 neo
421 3926 462 3989 sit
483 3925 525 3990 ab
547 3926 660 3992 alienis
682 3924 851 3995 mutuata?

169 4066 172 4071 -
242 4023 376 4093 atvero
389 4034 471 4091 -.·et
488 4025 550 4091 hoc
569 4049 695 4114 quoque
711 4023 908 4092 Ritsohelius
921 4026 1045 4111 primus
1056 4026 1255 4112 perspexit-
