2836 4784
258 363 298 424 24
774 356 836 409 Rau

258 520 390 607 ἐμαντηῖ
413 516 622 605 ἀμαθίαν-
634 518 672 602 ἒξ
691 516 876 605 ἀλλοτρίων
899 519 1053 605 ναμάτων
1070 521 1317 608 πεπληρῶσθαι
1330 544 1368 601 με

259 623 342 690 Plat.
365 624 504 690 Phaedr.
528 630 588 690 235
610 623 647 690 O.

340 723 412 788 His·
431 723 616 788 addendum
644 721 774 787 videtur
810 719 900 804 παρὰ
936 723 1005 786 τῶν
1037 712 1150 783 ἄλλων
1180 713 1368 796 ἐπεξελθών

259 821 359 887 Thuc.
380 823 453 897 122,
481 829 499 888 2
522 822 608 908 quod
630 821 804 886 scholiasta
825 844 883 908 per
904 815 1043 904 ἐρευνῶν
1064 822 1295 906 interpretatus
1316 828 1369 883 est.

340 920 491 1008 Denique
513 922 693 1011 compluria
713 921 817 986 verba
838 921 1008 985 dicendi
1030 943 1104 985 cum
1126 912 1218 1002 παρά
1234 927 1369 1004 etgene

256 1023 325 1085 tivo
353 1023 604 1106 coniunguntur:
642 1016 750 1104 λέγειν
770 1020 832 1085 Αν.
853 1020 934 1086 Aah.
959 1027 1046 1088 1057.
1082 1013 1164 1094 ἔπος
1193 1013 1286 1101 παρὰ
1314 1018 1371 1078 τοῦ

258 1115 385 1205 πατρὸς
405 1122 548 1208 σημῆναι
567 1123 614 1206 τῷ
635 1114 770 1203 βασιλέι
790 1119 914 1185 Herod.
934 1118 984 1183 ΠΙ
1005 1126 1054 1185 72.
1075 1111 1134 1180 καί
1153 1140 1214 1199 μοι
1236 1115 1371 1180 δοκοῦσι

258 1215 349 1302 παρὰ
383 1223 446 1283 τῶν
479 1222 570 1283 θεαῖν
603 1222 706 1283 ταῦτα
739 1211 771 1281 οἱ
802 1209 932 1300 ἀγαθοὶ
952 1215 1090 1304 ποιηταὶ
1118 1211 1307 1303 ἑρμηνεύειν
1328 1216 1371 1280 Pl.

257 1318 303 1384 lo.
331 1325 390 1386 535
419 1320 460 1386 A.
511 1312 685 1404 ἀγγέλλειν
713 1317 926 1384 Thu0.129.
961 1318 1038 1382 Eur.
1067 1317 1187 1383 Troad.
1209 1324 1258 1383 56.
1292 1314 1370 1379 Plat.

257 1417 344 1482 Men.
366 1424 436 1486 248.
459 1420 553 1486 Dem.
576 1420 626 1484 IV
648 1423 685 1486 18
707 1428 765 1484 ete
789 1412 998 1500 ἐξαγγέλλειν
1017 1417 1080 1483 Jul.
1103 1440 1153 1503 ep.
1176 1422 1215 1482 48
1237 1416 1260 1481 f.

340 1518 380 1582 In
410 1519 637 1584 enumerandis
665 1517 774 1583 verbis
806 1541 848 1582 ex
871 1517 987 1604 quibus
1008 1511 1100 1598 παρά
1129 1539 1202 1580 cum
1224 1508 1371 1600 g'enetivo

259 1640 453 1704 suspensum
483 1627 531 1682 est
548 1628 723 1704 postremo
750 1617 821 1683 loeo
850 1639 1139 1682 commemoramus
1161 1603 1247 1677 εἶναι
1265 1606 1370 1694 discip·

257 1735 327 1792 χειν
346 1709 521 1799 γίγνεσθαι
547 1741 681 1804 quorum
703 1741 782 1781 usus
803 1718 1026 1803 maximopere
1048 1714 1217 1802 multiplex
1239 1723 1306 1788 est3
1334 1736 1372 1777 ex

260 1815 376 1901 quibus
405 1808 565 1898 ὑπάρχειν
590 1819 783 1903 praesertim
815 1816 857 1880 ab
882 1815 1065 1880 oratoribus
1088 1824 1119 1878 et
1141 1817 1285 1879 maxime
1307 1815 1372 1898 qui·

260 1913 334 1978 dem
366 1938 386 1978 a
407 1914 627 1980 Demosthene
659 1924 848 2001 usurpatum
881 1924 939 1979 est.
976 1914 1016 1978 de
1049 1937 1084 1978 re
1111 1913 1265 1978 familiari
1288 1912 1373 1999 apud

258 2011 358 2080 Isocr.
385 2013 436 2078 IX
470 2020 504 2081 19
540 2014 661 2079 dictum
698 2011 739 2076 τὰ
777 2006 933 2100 Εὐαγόρη
969 2009 1061 2094 παρὰ
1078 2058 1081 2062 -
1097 2015 1165 2076 τῶν
1202 2005 1373 2095 προγόνων

259 2106 462 2194 ὑπάρξαντα.
501 2113 651 2201 plurimis
679 2112 763 2179 locis
794 2137 864 2178 eum
891 2113 1078 2178 notionibus
1110 2110 1279 2177 translatis
1302 2134 1373 2177 con·

258 2214 403 2277 iunctum
426 2212 513 2278 velut
533 2206 872 2293 τὰς-ὖπαρχοιίσας
894 2207 984 2296 αὖτηῖ
1006 2206 1208 2292 τιμάςῦσισ.
1221 2211 1373 2297 Leptae.

259 2303 304 2373 diu
320 2309 365 2398 μὴ
386 2304 470 2394 παρ’
487 2306 578 2394 ὑμῶν
600 2304 708 2375 αὐτῶν
729 2315 861 2395 πρῶτον
881 2305 1011 2396 ’ὑπάρξῃ
1029 2306 1071 2372 τὰ
1088 2305 1206 2373 δέοντα
1220 2310 1263 2374 id.
1278 2310 1312 2374 Π
1327 2315 1373 2375 27.

131 2408 135 2413 ’
259 2411 306 2475 IV
327 2416 366 2479 33
388 2421 448 2476 eto.
471 2421 530 2478 etc.

344 2510 480 2575 Sensum
517 2535 590 2576 curn
625 2510 761 2576 localem
796 2521 862 2576 tum
892 2510 1073 2576 caussalem
1103 2497 1188 2571 εἶναι
1219 2508 1319 2573 habet
1344 2510 1376 2572 in

260 2608 332 2674 loeo
354 2609 585 2675 Demosthenis
606 2610 721 2676 Phill
742 2617 780 2677 27
803 2603 838 2673 οὗ
860 2607 922 2693 γὰρ
945 2605 1039 2695 ἐχρῆν
1064 2601 1260 2691 ταξιάρχους
1289 2599 1374 2688 παρ’

259 2703 369 2790 ὑμῶν,
405 2708 575 2791 ἵππαρχον
601 2701 687 2789 παρ’
715 2703 816 2792 ὑμῶν,
845 2702 1004 2792 ἄρχοντας
1033 2702 1176 2784 οἰκείους
1195 2696 1291 2790 εἶναι,
1315 2729 1377 2794 quo

261 2808 464 2896 significatur
496 2810 524 2873 is
555 2810 610 2895 qui
640 2811 708 2873 exit
736 2819 767 2873 et
795 2813 898 2874 oritur
924 2809 965 2873 ab
998 2807 1115 2893 aliquo.
1145 2809 1184 2871 cl.
1207 2809 1291 2888 §aa
1313 2809 1377 2869 τῶν

258 2901 430 2995 χρημάτων
451 2896 474 2970 ii
495 2900 580 2990 παρ’
606 2902 698 2988 ὑμῶν
720 2903 842 2972 κελεύειν
866 2904 1033 2991 γενέσθαι,
1064 2906 1152 2994 quod
1173 2905 1261 2971 valet
1283 2929 1377 2992 pecu-

260 3010 349 3072 niam
377 3030 475 3094 quam
496 3007 712 3073 Athenienses
740 3010 806 3073 suis
832 3007 1015 3094 sumptibus
1043 3026 1219 3092 congerere
1247 3004 1376 3071 debent.

261 3107 373 3187 Quane
393 3105 449 3171 illo
466 3106 543 3184 ‚loco
566 3130 663 3195 quem
685 3130 786 3194 supra
801 3106 893 3171 attuli
910 3107 950 3172 de
962 3105 1206 3192 magistratibus
1221 3105 1263 3169 ab
1279 3104 1376 3169 Athe-

260 3205 428 3271 niensibus
451 3205 561 3270 electis
594 3209 709 3291 agitur.
753 3206 903 3285 (Wittich
927 3207 967 3272 de
993 3228 1133 3291 persona
1148 3205 1377 3292 Lycophronis

261 3304 303 3370 ab
318 3305 490 3392 Hyperide
511 3305 636 3371 defensi
657 3331 689 3393 p.
707 3313 848 3384 17-19).
890 3305 942 3371 Ab
966 3328 1003 3370 eo
1026 3327 1123 3368 sensu
1147 3327 1187 3368 ex
1203 3327 1266 3390 quo
1284 3297 1377 3384 παρά

262 3427 335 3469 cum
357 3407 507 3490 genetivo
530 3428 702 3491 personam
725 3430 745 3471 a
767 3430 831 3492 qua
853 3406 931 3494 quid
949 3404 986 3468 fit
1005 3404 1176 3489 significat,
1198 3402 1289 3468 velut
1305 3399 1377 3487 σιγη

260 3494 344 3586 παρ’
368 3497 460 3585 ὑμῶν
488 3498 570 3568 ἔσται
601 3504 701 3592 Soph.
727 3506 778 3572 El.
810 3512 863 3573 461
896 3506 934 3570 cf.
972 3499 1101 3588 σιωπὴν
1133 3498 1225 3584 παρὰ
1245 3496 1378 3565 πάντων

261 3597 418 3689 ἐποίησεν
444 3604 594 3690 Xenoph.
629 3604 714 3671 Hell.
746 3606 794 3670 VI
815 3610 844 3687 3,
872 3611 915 3670 10.
950 3601 1056 3683 δῶρον
1088 3595 1122 3665 αἶ
1152 3596 1270 3677 πόλεις
1296 3592 1379 3688 ἦσαν

261 3700 354 3785 παρὰ
382 3697 549 3786 βασιλέως
575 3704 617 3770 ib.
646 3703 696 3768 HI
725 3711 749 3770 1.
773 3710 802 3771 6.
825 3697 859 3765 ui
881 3694 958 3784 παρ’
982 3695 1075 3782 ὑμῶν
1097 3694 1162 3765 εἱσι
1184 3695 1309 3782 κρίσεις
1331 3700 1377 3764 δι-

262 3797 437 3866 καιόταται
470 3803 565 3868 Dem.
596 3802 690 3867 LVII
718 3808 767 3871 56.
797 3805 946 3890 proxime
973 3801 1066 3867 abest
1094 3803 1181 3866 notio
1210 3801 1378 3882 caussalis,

262 3926 334 3968 cum
367 3903 453 3991 quod
485 3902 527 3966 ab
556 3901 664 3989 aliquo
691 3912 802 3984 exeat,
830 3903 871 3967 ab
902 3926 939 3968 eo
961 3903 1084 3968 factum
1106 3923 1177 3965 esse
1199 3901 1378 3964 verisimile

263 4003 322 4087 sit,
354 4004 443 4069 euius
473 4025 549 4069 usus
576 4025 647 4067 cum
676 4005 820 4067 maxima
848 4004 898 4067 vis
921 4002 1144 4090 exemplorum
1165 4008 1279 4083 exstet,
1300 4023 1377 4065 non-
