2836 4784
463 391 498 446 de
516 392 723 463 praepositione
746 389 834 464 παρά.
1185 401 1205 464 9

92 554 174 620 nullo
198 578 279 620 casu
301 557 413 624 addito
435 582 495 645 per
517 582 552 623 se
574 562 681 646 posita
701 570 768 638 est,
789 560 872 626 alter
894 583 966 626 cum
987 560 1089 626 verbo
1111 585 1205 648 prae·

92 653 209 738 figitur.
253 653 304 719 Ac
326 678 450 722 summo
472 658 542 722 iure
565 668 596 737 et
618 658 675 724 alii
696 661 760 725 viri
793 660 881 727 docti
909 660 963 737 (oi.
985 660 1141 727 Sonnium
1161 662 1205 730 Κ.

91 752 125 821 Ζ,
146 753 231 818 XIV
253 760 281 820 5.
304 759 336 832 6)
369 764 401 819 et
422 755 628 823 Schwarzius
648 758 701 834 (de
724 782 835 847 praep.
857 761 985 846 graecis
1007 760 1116 827 stlat.
1140 760 1206 827 dis·

91 861 163 916 sert.
183 853 312 938 Regim.
335 860 427 931 1859)
447 859 679 939 grammaticos
694 861 962 946 vituperaverunt
976 859 1064 944 quod
1076 883 1205 926 omnem

92 973 224 1038 operam
246 953 281 1017 in
302 974 339 1017 eo
362 953 575 1020 collocassent
596 967 631 1021 ut
645 980 737 1023 usum
752 959 1029 1045 praepositionum
1038 963 1206 1024 nominum

92 1052 221 1117 casibus
239 1055 500 1139 praepositarum
523 1057 768 1121 accuratissime
789 1056 1026 1140 describerent,
1050 1057 1091 1123 de
1113 1082 1204 1144 prae·

92 1152 306 1238 positionibus
328 1161 436 1217 autem
458 1153 615 1240 praefixis
636 1177 744 1242 pauca
764 1165 889 1220 tantum
920 1150 966 1232 ὡς
987 1151 1022 1220 ἐν
1047 1153 1204 1243 παρέργῳ

93 1251 294 1318 adnotarent
321 1326 322 1331 η

137 1364 139 1371 ’
171 1353 298 1416 Tamen
320 1352 348 1417 si
370 1353 443 1439 quis
465 1374 558 1417 usum
580 1351 717 1418 alicuius
737 1354 988 1442 praepositionis
1016 1355 1204 1422 describens

92 1453 194 1538 primo
212 1452 285 1517 loco
299 1450 340 1516 de
351 1475 412 1516 usu
432 1450 613 1516 adverbiali
635 1455 844 1539 expositurus
858 1456 900 1518 sit
919 1477 1045 1538 vereor,
1066 1478 1108 1519 ne
1130 1477 1204 1520 cum

91 1553 207 1616 rationi
224 1552 413 1617 satisfacere
428 1552 566 1630 studeat,
589 1553 623 1615 in
635 1575 770 1638 gravem
793 1575 947 1636 errorem,
966 1554 1052 1642 quod
1073 1554 1205 1642 quidem
1261 1547 1265 1554 ⁸

91 1651 131 1715 ad
153 1650 299 1736 linguam
314 1674 468 1740 graecam
484 1652 608 1735 attinet,
625 1654 786 1737 incurrat,
807 1653 879 1719 fieri
891 1655 975 1718 enim
996 1653 1085 1719 nullo
1107 1654 1204 1719 modo

91 1759 197 1837 potest
207 1760 243 1815 ut
264 1753 347 1816 ratio
370 1753 613 1837 compositionis
634 1751 864 1838 inseparabilis
887 1762 974 1818 recte
986 1752 1204 1839 intellegatur,

89 1851 150 1914 nisi
173 1860 270 1915 antea
290 1852 324 1915 in
346 1852 603 1921 coniunctionem
628 1874 699 1915 oum
722 1850 853 1916 casibus
880 1853 1125 1917 accuratissime
1153 1853 1203 1916 'in-

89 1951 284 2034 vestigatum
306 1950 365 2034 sit,
386 1972 490 2038 neque
508 1972 702 2038 quamquam
716 1951 800 2036 fugit
821 1952 887 2015 iam
899 1950 1036 2017 Homeri
1058 1952 1204 2016 carmina

89 2049 299 2114 subtilissime
316 2043 352 2114 ¹et
373 2050 609 2136 perfectissime
627 2073 721 2115 usum
742 2051 1020 2138 praepositionum
1050 2073 1123 2115 oum
1152 2072 1203 2114 ca-

88 2148 178 2214 sibus
193 2149 438 2214 coniunctarum
460 2137 625 2215 excultum
647 2148 811 2214 exhibere.
834 2148 909 2230 Qua
930 2148 971 2213 de
992 2171 1110 2214 caussa
1131 2171 1204 2213 curn

88 2249 194 2335 primo
208 2248 280 2313 loco
295 2249 335 2314 de
349 2249 412 2314 boc
431 2272 493 2314 usu
514 2248 639 2313 dissero
661 2271 726 2314 uon
746 2247 830 2313 falso
850 2249 960 2313 facere
979 2249 1059 2313 mihi
1079 2248 1203 2315 videor.

170 2349 326 2434 Inprimis
349 2357 457 2414 autem
478 2348 540 2414 boc
559 2347 733 2415 tenendum
752 2358 820 2430 est,
843 2370 886 2412 ex
907 2347 1203 2435 praepositionibus

93 2448 172 2514 nullo
204 2447 302 2537 modo
334 2471 428 2513 casus
457 2470 632 2536 suspensos
663 2471 748 2528 esse,
781 2470 864 2535 quae
893 2458 964 2512 erat
991 2448 1204 2535 plurimorum

91 2550 375 2633 grammaticorum
398 2549 567 2613 sententia.
611 2548 693 2612 Nam
716 2569 782 2635 qua
802 2548 929 2612 ratione
948 2547 1020 2611 fieri
1043 2548 1147 2634 possit
1168 2553 1204 2610 ut

89 2672 149 2713 ima
170 2647 351 2735 eademque
371 2648 572 2734 praepositio
594 2646 704 2733 plures
726 2647 772 2724 (in
794 2669 914 2732 graeca
935 2646 1047 2732 lingua
1067 2656 1145 2729 tres,
1166 2647 1201 2709 in

88 2758 143 2814 set
166 2756 331 2834 quattuor,
351 2749 385 2811 in
405 2746 457 2811 zd.
477 2746 529 2811 vel
551 2748 693 2835 quinque
716 2754 752 2811 ut
765 2753 865 2830 pura)
897 2740 992 2811 casus
1014 2753 1115 2830 *regat
1138 2766 1203 2809 non

87 2847 344 2935 explicaverunt.
387 2845 461 2927 Qua
484 2845 525 2911 de
546 2867 662 2910 caussa
683 2843 785 2925 multi,
808 2844 873 2910 alia
894 2847 949 2910 via
970 2846 1066 2926 inita,
1089 2866 1202 2908 casnm

87 2970 126 3012 ex
147 2945 252 3012 verbo
273 2968 464 3033 suspensum
494 2968 566 3010 esse
588 2946 713 3031 opinati
747 2953 837 3026 sunt,
866 2945 1204 3031 praepositionemque

87 3069 122 3112 eo
144 3046 216 3112 solo
241 3045 375 3111 consilio
397 3044 558 3127 additam,
589 3053 625 3108 ut
656 3045 769 3109 variae
791 3044 1048 3128 significationes
1063 3044 1202 3107 casibus

89 3147 254 3232 propriae,
274 3145 402 3210 facilius
416 3144 700 3230 distinguerentur.
744 3143 869 3208 Rudius
881 3144 965 3208 enim
988 3152 1084 3229 atque
1104 3141 1203 3206 incul-

89 3249 148 3310 tius
180 3245 326 3310 omnium
355 3244 633 3330 praepositionum
662 3243 847 3329 primitivas
881 3252 912 3307 et
942 3241 1202 3327 simplicissimas

91 3347 237 3410 notiones
261 3345 327 3408 iam
345 3343 429 3430 ipsis
451 3343 609 3407 contineri
631 3343 771 3408 casibus.
808 3341 902 3421 Quae
918 3343 1087 3424 sententia,
1111 3343 1138 3405 si
1160 3340 1204 3406 ad

91 3443 348 3530 antiquissimum
363 3444 525 3507 nascentis
542 3441 673 3526 linguae
692 3450 820 3527 tempus
836 3453 1031 3527 spectamus,
1054 3443 1114 3506 etsi
1135 3463 1202 3505 rec-

90 3545 211 3610 tissima
232 3552 291 3624 est,
312 3542 354 3607 de
374 3552 520 3628 tempore
542 3563 584 3605 ex
599 3564 663 3627 quo
678 3542 872 3628 scriptorum
886 3563 986 3627 opera
1005 3541 1099 3605 nobis
1113 3562 1201 3604 man·

91 3653 210 3725 serunt,
239 3663 304 3707 uon
325 3640 421 3721 valet,
445 3632 707 3728 q'uandoquidem
741 3663 844 3728 neque
872 3640 1126 3706 demonstratum
1154 3646 1202 3701 est

90 3764 188 3830 neque
219 3741 436 3806 demonstrari
466 3749 572 3825 potest
586 3734 694 3804 ‘casus
722 3740 873 3804 distincte
904 3742 1050 3804 notiones
1083 3736 1201 3802 locales

91 3843 262 3906 continere.
281 3840 365 3904 Nam
387 3841 504 3926 siquis
526 3842 560 3904 in
582 3840 746 3905 enuntiato
769 3837 908 3919 ἐπρίατο
931 3838 1022 3899 σῖτον
1038 3831 1129 3914 παρὰ
1142 3835 1202 3896 τοῦ

91 3931 207 4025 ἀνδρός
228 3930 322 4024 παρά
343 3961 408 4004 non
430 3938 575 4003 additum
599 3962 670 4004 esse
690 3940 754 4004 nisi
777 3939 819 4002 ad
841 3932 1071 4024 explicandam
1101 3943 1134 3997 et
1162 3931 1199 3996 il·

90 4037 287 4107 lustrandam
300 4039 493 4105 seutentiam
508 4038 681 4123 contendit,
704 4046 792 4104 errat
814 4038 890 4125 quia
910 4053 1086 4120 numquam
1106 4026 1202 4115 ἐπρί-
