2836 4784
263 326 304 400 '82
513 338 515 343 ⁴
792 327 856 384 Rau

263 484 431 560 horruisse
451 493 494 559 ab
515 495 577 561 hoc
610 520 675 564 usu
696 498 847 563 videntur
870 512 914 546 '-
942 497 1101 563 infinitivo
1133 517 1368 580 nonnumquam

263 590 451 681 genetivum
470 595 600 661 articuli
622 596 768 663 additum
791 619 880 681 esso,
913 595 1003 661 volut
1022 586 1109 677 παρ’
1133 586 1231 657 οὐδὲν
1247 586 1370 656 ἐλθόν-

261 715 316 770 τες
335 696 413 757 sot
430 687 543 770 πάσας
572 688 760 777 ἀποβαλεῖν
785 695 847 774 τὰς
870 689 1086 778 παρασκευάς
1110 694 1199 762 Ι-45.
1223 692 1372 756 XXXIII

262 799 290 859 2.
320 793 355 857 H
385 800 434 861 55.
477 787 562 879 παρ’
597 787 714 879 ὀλίγον
744 786 853 883 ἦλθον
882 798 955 859 τοῦ
986 794 1164 876 συμπεσεῖν
1195 792 1315 858 XVIII
1348 799 1373 857 1.

263 892 416 958 ΧΧΧΠΙ
430 901 458 962 2.
486 896 538 970 (ci.
553 895 760 983 Bernhardyi
780 897 978 984 Paralip.·p.
991 900 1052 974 62.)
1074 915 1157 982 quac
1178 893 1375 956 constructio

261 996 339 1082 quin
360 994 402 1057 ad
425 994 592 1082 exemplar
613 994 758 1061 locorum
783 995 1069 1082 Thucydidoo'rum
1101 988 1194 1075 παρὰ
1217 992 1376 1054 τοσοῦτον

260 1083 366 1179 ἦλθεν
394 1086 412 1179 ἡ
438 1089 610 1182 Μυτιλήνη
632 1079 706 1159 sori
733 1090 887 1160 κινδύνου
908 1095 959 1160 III
981 1101 1030 1162 49.
1056 1094 1121 1159 VII
1142 1100 1170 1159 2.
1192 1113 1214 1154 a
1237 1089 1378 1176 Polybio

259 1193 400 1258 formata
422 1194 463 1257 sit
482 1218 523 1260 ne
545 1197 677 1260 minimo
698 1195 828 1283 quidem
850 1194 973 1260 dubito.
986 1195 1027 1280 ²³)
1064 1228 1071 1235 -
1100 1184 1130 1231 J
1192 1257 1196 1265 ,

636 1294 702 1360 Sed
724 1295 805 1360 haec
825 1295 990 1360 hactenus.

771 1462 802 1543 s.
823 1423 875 1529 ιι.

343 1609 413 1675 Iam
442 1619 543 1675 restat
572 1621 606 1675 ut
636 1611 677 1676 de
705 1605 798 1694 παρά
829 1633 902 1675 oum
932 1610 1117 1674 accusativo
1144 1609 1192 1672 ita
1213 1615 1383 1694 usmpato

261 1707 408 1773 dicamus
438 1719 473 1774 ut
502 1709 537 1774 id
563 1712 598 1774 in
626 1732 689 1796 quo
711 1710 789 1798 quid
809 1711 952 1796 positum
975 1719 1032 1793 ost,
1053 1707 1106 1773 vel
1128 1717 1165 1772 ut
1186 1711 1385 1794 germanice

260 1805 367 1879 dicam
397 1807 467 1889 ,das
496 1808 625 1874 worauf
647 1831 681 1873 es
709 1808 885 1874 ankommt‘
918 1808 1092 1896 significet,
1120 1830 1141 1872 a
1162 1831 1228 1896 qua
1254 1808 1384 1894 signifi-

259 1909 387 1972 catione
420 1907 616 1974 iutcllectum
648 1908 824 1972 consociem
855 1903 1004 1995 proximo
1035 1906 1153 1972 'abesse
1181 1928 1278 1972 nemo
1312 1929 1385 1971 uon

258 2007 415 2086 videtu),
448 2005 607 2088 Quamvis
629 2010 713 2072 enim
735 2007 774 2073 F.
786 2010 825 2073 A.
841 2007 978 2074 Wolfius
998 2006 1054 2086 (ad
1067 2006 1162 2072 Dem.
1176 2006 1271 2093 Lept.
1292 2010 1384 2082 361.)

258 2114 291 2169 et
311 2102 369 2171 Ph.
386 2107 604 2172 Buttmannus
626 2107 733 2185 (Dcm.
745 2106 825 2172 Mid.
836 2107 903 2175 ind.
921 2131 945 2174 s.
962 2099 1068 2192 παρά)
1090 2107 1261 2192 propriam
1284 2102 1379 2192 apud

257 2203 383 2271 Atticos
420 2209 595 2294 scriptores
626 2209 786 2273 notionem
820 2208 914 2273 huius
947 2207 1200 2293 praepositionis
1230 2226 1386 2292 unquam

257 2326 328 2369 csse
344 2319 476 2390 propter
496 2309 698 2392 negaverint,
726 2307 783 2373 sed
804 2307 884 2371 illud
907 2308 979 2390 sine¹
997 2327 1060 2393 quo
1083 2295 1163 2369 vera
1185 2326 1308 2369 caussa
1331 2303 1384 2368 ei-

256 2402 342 2468 ficax
364 2427 429 2469 non
451 2406 493 2469 sit
515 2428 586 2469 eam
608 2405 755 2471 indicare
780 2404 1024 2487 contenderint,
1048 2415 1158 2468 tamen
1179 2405 1388 2490 saepissime

255 2503 341 2566 inter
362 2502 447 2567 hunc
474 2503 615 2570 ettillum
644 2496 842 2571 intellectum
863 2504 944 2569 nihil
964 2496 1123 2569 interesse
1144 2524 1256 2587 omnes
1278 2502 1384 2567 intel-

173 2688 175 2691 ·
256 2599 372 2686 legent.
417 2602 468 2680 (cf.
495 2603 531 2670 0.
561 2605 598 2669 F.
629 2604 853 2670 Hermannum
885 2603 929 2669 ad
958 2604 1039 2685 Luc.
1072 2604 1112 2668 de
1142 2625 1268 2669 conscr.
1298 2603 1396 2667 hist,

255 2721 325 2787 cap.
351 2699 424 2780 XI.)
997 2727 1000 2731 ·

336 2800 433 2866 Prior
461 2826 538 2868 usus
566 2805 645 2868 satis
676 2825 771 2868 rarus
794 2797 850 2869 est.
894 2795 1049 2889 Legimus
1071 2794 1354 2882 υπολυμβάνονιι

252 2891 299 3017 pig
321 2922 358 2964 ου
381 2898 474 2984 παρὰ
496 2894 587 2966 τοῦτ’
614 2896 712 2978 ἐστιν,
737 2893 860 2964 ἀλλ’(
835 2923 882 2978 sog
902 2893 987 2985 παρ’
1013 2894 1152 2964 εκαστον
1172 2902 1240 2963 τῶν
1258 2901 1414 2983 μερῶν

246 3023 271 3085 ἠ
264 2991 446 3075 καλῶς
426 3021 460 3088 η
467 3003 578 3078 κακῶς
597 2999 636 3065 τὸ
657 3023 792 3083 συμπαν
819 2996 893 3080 ἕξον
920 3000 1021 3067 Isocr.
1042 2999 1094 3065 HI
1115 3004 1165 3070 48.
1185 2999 1217 3064 h
1240 3023 1268 3068 e.
1299 3001 1356 3059 ν”ι

250 3094 313 3183 igit
314 3113 352 3162 ur
373 3121 484 3164 eorum
512 3123 594 3187 quae
621 3100 717 3167 vobis
742 3102 898 3167 mandata
926 3111 1003 3166 sunt
1027 3101 1208 3188 neglegite
1218 3111 1276 3165 aut
1296 3090 1355 3165 con

263 3303 266 3309 ’
320 3317 364 3386 23)
382 3315 409 3370 A
422 3315 628 3387 comparatione
641 3332 703 3369 cum
715 3315 791 3371 hisce
808 3315 995 3371 locutionibus
1013 3315 1125 3371 omnino
1143 3314 1277 3370 abhorret
1294 3313 1377 3387 quoi

251 3395 368 3468 legimus
386 3399 462 3469 apud
479 3399 567 3454 Thus.
587 3397 628 3454 VI
645 3403 686 3469 37,
705 3404 728 3454 3.
741 3466 743 3470 Ι
755 3400 833 3470 πυρὰ
850 3404 986 3456 τοσοῦτον
1002 3399 1160 3470 γιγνώσκω,
1183 3414 1257 3471 quae
1273 3401 1364 3466 verba,

251 3481 275 3535 si
292 3487 367 3537 recto
383 3483 487 3537 tradita
504 3488 570 3537 sunt
587 3483 633 3552 (cf
651 3483 811 3556 Kriigerum
830 3479 960 3551 adini.)
983 3484 1053 3538 nihil
1034 3484 1041 3496 ’
983 3483 1229 3557 nrhrIsigniiicare
1251 3487 1365 3554 possunt

250 3566 304 3620 uisi
322 3568 358 3620 ad
375 3566 510 3625 idiudicii
527 3568 656 3638 procedo,
673 3566 754 3623 tanta
767 3585 829 3622 cum
840 3486 1057 3623 fiduciaiudico.
1077 3567 1207 3639 (Poppo)
1225 3574 1364 3637 sostrong

250 3649 274 3702 is
292 3668 339 3720 my
359 3650 473 3721 opinion
491 3668 528 3705 on
545 3652 592 3704 the
612 3650 728 3721 subject
745 3650 884 3722 (Amold.)

317 3735 360 3802 24)
381 3734 445 3790 Vim
462 3734 615 3788 caussalem
639 3736 722 3788 etiam
745 3735 835 3789 latina
850 3736 1019 3822 praepositio
1034 3753 1088 3806 par
1105 3739 1133 3788 et
1154 3733 1290 3790 lituanica
1301 3733 1361 3808 ptr,

249 3832 282 3870 ex
300 3833 359 3870 una
378 3835 440 3871 cum
458 3819 536 3890 παρά
553 3815 653 3872 radice
669 3819 774 3874 ductas
787 3817 922 3880 habent
936 3819 981 3874 De
998 3820 1142 3874 theodisca
1157 3821 1361 3890 praepositione

228 3898 282 3972 ρι’
305 3903 355 3970 (bi)
378 3918 440 3956 curn
462 3902 634 3956 accusativo
641 3903 679 3956 de
696 3919 807 3958 caussa
834 3909 968 3975 usurpata
990 3903 1117 3974 exposuit
1137 3901 1263 3958 Grattius
1292 3903 1360 3973 (Spr

248 3982 292 4036 III
311 3989 351 4041 11.
368 4000 464 4056 praep.
479 4002 507 4055 p
528 3989 593 4055 106).
