2836 4784
542 382 577 437 de
593 381 797 455 praepositione
815 380 901 453 παρά.
1226 391 1265 455 61

152 544 226 612 ὅσον
249 538 289 634 ἦν
311 545 417 631 μέρος
432 544 604 632 ἐπίμαχον,
624 543 773 613 τούτεστι
796 541 880 613 καθ’
905 539 924 613 δ
944 544 1103 616 ἐδύναντο
1120 544 1150 614 οἱ
1164 543 1267 636 Ἀδη-

152 651 237 712 ναῖοι
267 645 515 730 προςελδόντες
539 648 716 729 μάχεσθαι.
746 657 778 713 et
806 649 895 735 apud
927 651 1063 716 eundem
1090 651 1118 714 V
1141 657 1181 719 68
1211 646 1267 713 έπί

152 750 216 810 πᾶν
238 743 276 810 δὲ
299 746 504 834 κατέστησαν
527 745 584 813 ἐπὶ
604 741 697 813 ὀκτώ.
720 744 813 828 παρὰ
837 738 870 809 δ’
898 742 988 811 άπαν
1004 744 1267 832 -τετρακόσιοι

152 844 203 909 καὶ
224 844 321 909 δυοῖν
344 843 475 924 δέοντες
494 844 696 934 πεντήκοντα
720 839 870 930 άνδρεςὴ
888 842 1001 932 πρώτη
1015 843 1107 926 τάξις
1120 838 1167 935 ἦν.
1201 849 1267 914 Sed

152 969 213 1011 non
237 945 343 1010 solum
371 969 444 1012 oum
475 948 583 1013 verbis
611 948 775 1012 notionem
801 945 874 1028 loci,
897 969 1010 1012 verum
1032 949 1130 1013 etiam
1152 970 1260 1034 perso·

152 1067 266 1109 narum
290 1045 486 1112 habentibus
508 1041 600 1128 πυρά
622 1069 694 1110 oum
716 1048 902 1112 accusativo
924 1046 987 1111 hac
1008 1049 1168 1112 sententia
1190 1069 1266 1112 con-

151 1145 296 1229 iungitur
329 1145 417 1210 velut
444 1144 484 1208 τδ
504 1143 626 1223 δεξιὸν
656 1141 756 1227 κέρας
787 1182 829 1192 -
861 1133 935 1222 εἶχε,
972 1142 1064 1226 παρὰ
1098 1137 1131 1209 δ’
1167 1140 1266 1210 αἰτόν

155 1238 350 1324 Θράσυλλος
380 1245 464 1310 Xon.
498 1245 582 1309 Heli.
610 1245 683 1328 16,
706 1252 754 1313 30.
774 1301 778 1308 .
795 1241 887 1324 παρὰ
921 1238 1059 1321 τούτους
1091 1236 1265 1311 ἐτάσσοντο

152 1341 229 1407 Her.
250 1341 303 1406 IX
323 1347 371 1410 28.
397 1342 499 1410 Thuc.
520 1345 567 1410 VI
586 1349 636 1410 67.
657 1345 727 1412 Pol.
751 1345 780 1408 V
800 1349 849 1410 82.

233 1441 400 1506 Maximus
418 1452 589 1528 praeterea
603 1454 651 1508 est
666 1465 818 1508 numerus
833 1441 977 1508 locorum
993 1445 1026 1507 in
1042 1444 1159 1531 quibus
1171 1437 1264 1525 παρά

153 1561 224 1605 cnm
247 1541 434 1606 accusativo
456 1540 562 1606 locum
577 1543 700 1608 indicat
721 1545 814 1607 iuxta
829 1564 923 1630 quem
938 1542 1016 1629 quid
1031 1543 1082 1606 vel
1095 1553 1144 1609 est
1165 1545 1216 1610 vel
1230 1545 1266 1610 fit

153 1638 241 1704 velut
265 1635 433 1721 μάχαιραν
460 1635 479 1726 ἥ
508 1634 540 1705 oi
569 1637 662 1722 παρὰ
690 1635 804 1727 ξίφεος
825 1637 910 1723 μέγα
931 1638 1070 1705 κουλεὸν
1090 1680 1132 1690 -
1154 1635 1265 1721 άωρτο

155 1741 179 1798 Γ
187 1744 260 1805 272.
286 1743 396 1806 Τ253.
418 1741 458 1806 cf.
480 1734 566 1818 ἔχειν
586 1736 667 1819 τόξα
690 1738 747 1804 καί
762 1740 855 1821 παρὰ
875 1739 932 1828 τὴν
946 1738 1118 1825 ,φαρέτραν
1136 1736 1264 1807 κοπίδα

153 1837 232 1904 Xen
256 1838 335 1925 Cyn.
355 1839 372 1902 Ι
395 1845 423 1922 2,
447 1845 474 1906 9.
502 1840 565 1918 An.
585 1841 634 1906 IV
656 1848 684 1922 7,
712 1847 756 1907 16.
783 1840 909 1907 adiecto
937 1842 1038 1907 verbo
1062 1843 1198 1903 κεῖσθαι
1220 1842 1265 1906 le·
1295 1906 1298 1917 ,

152 1939 249 2023 gitur:
282 1927 302 2000 δ
325 1939 413 2002 κεῖτο
434 1934 539 2021 μέγας
558 1932 634 2021 παρ’
667 1934 807 2017 ἔπαλξιν
837 1942 875 2002 Μ
899 1944 969 2022 381,
992 1940 1048 2005 ubi
1063 1940 1182 2006 'addito
1206 1942 1262 2006 ad·

151 2040 265 2103 iectivo
295 2031 400 2119 μέγας
431 2043 519 2105 notio
543 2053 673 2125 praeter
700 2048 855 2124 augetur;
892 2039 979 2126 quod
1007 2041 1085 2105 item
1107 2039 1202 2123 ¹qadit
1229 2042 1263 2105 in

150 2136 255 2202 locum
291 2138 324 2199 A
345 2144 405 2205 487
445 2141 533 2202 κεῖτο
568 2140 736 2220 ποταμοῖο
769 2130 853 2220 παρ’
891 2130 1006 2219 όχδας,
1038 2160 1113 2203 nam
1143 2137 1191 2203 ibi
1223 2139 1265 2205 de

153 2227 285 2320 αἰγείρῳ
314 2237 335 2302 i.
367 2260 393 2301 ε.
423 2239 563 2325 populo,
598 2239 717 2303 arbore
749 2237 907 2303 altissima
929 2240 1047 2323 agitur.
1079 2234 1173 2321 παρὰ
1204 2234 1261 2324 τὴν

153 2327 288 2414 ἔπαλξιν
314 2331 556 2418 κατακείμενος
579 2336 635 2403 Ar.
665 2336 745 2402 Ach.
769 2342 817 2403 73.
861 2330 976 2412 κλίνας
1003 2328 1085 2420 παρ’
1115 2329 1264 2423 ἀλλήλας

155 2429 303 2518 κειμένας
326 2434 411 2502 Plat.
443 2436 504 2522 leg.
527 2436 594 2501 XII
615 2443 675 2505 947
697 2437 739 2501 D.
780 2428 862 2520 παρ’
893 2431 952 2516 ἐμὲ
979 2430 1158 2500 κατάκεισο
1179 2437 1263 2505 Plat.

158 2533 252 2600 (λοστ.
279 2540 346 2601 175.
391 2527 605 2618 ἀνακείμενος
631 2526 714 2617 παρ’
751 2525 852 2598 αὐτόν
879 2534 1020 2622 Philipp.
1044 2557 1125 2600 enm.
1154 2536 1264 2615 (Mein.

154 2631 194 2700 IV
207 2641 294 2714 477.)
336 2634 435 2723 Apud
455 2635 558 2701 verba
580 2634 730 2717 cubandi,
754 2634 934 2700 dormiendi
955 2627 1048 2718 παρά
1068 2658 1142 2700 cum
1164 2658 1257 2700 aneu·

153 2736 255 2799 sativo
285 2756 352 2799 non
383 2744 450 2798 tam
483 2734 620 2800 alteram
650 2757 722 2798 rem
749 2736 843 2799 iuxta
869 2733 1007 2798 alteram
1037 2737 1171 2821 porrigi,
1204 2735 1263 2799 εεδ

153 2833 343 2922 simpliciter
365 2855 451 2915 esse,
478 2835 605 2898 versari
625 2832 763 2916 indicat3
793 2856 876 2921 quae
898 2832 1000 2897 verba
1023 2843 1112 2897 sunt:
1142 2827 1264 2911 λεξά-

152 2934 263 2996 σθων
285 2928 378 3014 παρὰ
396 2926 523 3016 τάφρον
540 2933 621 3000 167.
644 2925 783 2995 καδεά
793 2930 813 2994 δ
821 2953 859 2995 ει
880 2922 963 3014 παρ>
989 2926 1048 3012 ἐμέ
1059 2932 1116 2997 Αε.
1133 2932 1263 2998 Τλιεεσι.

152 3037 237 3098 1193.
283 3025 392 3094 εδδειν
422 3023 503 3113 παρ’
533 3024 680 3122 ἀσπίδας
712 3031 792 3096 Eur.
819 3031 917 3097 Rhes.
946 3036 1014 3097 123.
1056 3027 1149 3113 παρὰ
1179 3055 1265 3109 πρυ-

148 3123 271 3216 μνήσια
292 3126 368 3216 νηὸς
389 3125 645 3214 κοιμήσαντο
667 3132 706 3195 A
720 3137 789 3198 176.
811 3152 835 3210 μ
856 3136 904 3198 32.
932 3121 1014 3210 παρ’
1039 3122 1139 3194 αὐτόν
1161 3129 1181 3210 ξ
1193 3139 1264 3200 523.

150 3220 230 3309 παρ’
255 3222 344 3311 ὕδωρ
367 3224 443 3309 ῥέον
462 3221 782 3313 αἰθριοκοιτεῖν
804 3230 942 3294 Theocr.
965 3228 1049 3294 VHI
1070 3236 1117 3295 77.

230 3328 484 3416 Nonnumquam
515 3332 614 3395 etiam
645 3330 702 3396 ubi
732 3332 821 3395 notio
848 3327 1040 3415 pomponia·
1062 3329 1142 3395 latet
1170 3324 1264 3411 παρά

151 3446 221 3491 cum
244 3429 433 3492 accusativo
454 3428 495 3493 de
521 3429 619 3494 rebus
651 3429 768 3494 dicitur
796 3451 880 3516 quae
907 3431 1001 3493 iuxta
1028 3428 1172 3515 aliquam
1194 3453 1262 3494 rem
1313 3444 1315 3448 ’

150 3524 232 3606 fiunt
254 3535 286 3590 et
307 3529 450 3612 primum
470 3528 600 3614 quidem
621 3531 714 3594 iuxta
727 3551 780 3593 res
794 3531 829 3593 in
841 3526 1078 3613 longitudinem
1091 3538 1262 3613 porrectas

150 3624 238 3690 velut
265 3619 365 3709 ἔρδον
393 3620 582 3708 ἑκατόμβας
601 3624 694 3710 παρὰ
717 3619 784 3690 θῖν’
809 3621 892 3703 ἁλός
912 3631 950 3689 A
964 3633 1033 3695 316.
1056 3649 1069 3688 ι
1091 3633 1140 3694 46.
1162 3625 1262 3704 ξ347.

150 3721 269 3810 Hymn.
291 3724 388 3789 Hom.
409 3725 440 3790 V
464 3732 530 3795 128.
573 3724 675 3802 θεοὺς
703 3721 960 3806 ποτινισσομένα
990 3719 1099 3799 ὁσίαις
1125 3718 1263 3800 δσίναις

152 3815 232 3904 παρ’
262 3813 420 3887 Ὠκεανοῦ
448 3815 613 3906 άσβεστον
640 3820 745 3906 πόρον
780 3825 898 3892 Aeseh.
925 3825 1033 3890 Prom.
1062 3830 1131 3891 532.
1175 3817 1258 3908 παρ)

155 3916 302 4003 Εὐρώταν
332 3921 511 4005 ψιάδδοντι
541 3925 598 3989 Ar.
619 3925 698 4010 Lyn.
719 3930 807 3992 1302.
829 3929 857 3990 9.
901 3923 963 4003 Qu,
987 3922 1115 4007 Smyrn.
1138 3923 1169 3988 V
1189 3930 1260 3992 628.

156 4010 186 4081 εἴ
199 4043 250 4099 τις
270 4015 444 4086 ἀεθλεύων
465 4025 547 4107 νικιῖ
566 4017 679 4088 Πίσαο
706 4015 790 4104 παρ’
814 4015 923 4102 όγδας
942 4021 1135 4110 Χευορλεεικ
1154 4022 1188 4088 11
1212 4029 1260 4092 21.
