<?xml version="1.0" encoding="UTF-8"?>
<!DOCTYPE html PUBLIC "-//W3C//DTD XHTML 1.0 Transitional//EN"
    "http://www.w3.org/TR/xhtml1/DTD/xhtml1-transitional.dtd">
<html xmlns="http://www.w3.org/1999/xhtml" xml:lang="en" lang="en">
 <head>
  <title>
</title>
<meta http-equiv="Content-Type" content="text/html;charset=utf-8" />
  <meta name='ocr-system' content='tesseract 3.04.00' />
  <meta name='ocr-capabilities' content='ocr_page ocr_carea ocr_par ocr_line ocrx_word'/>
</head>
<body>
  <div class='ocr_page' id='page_1' title='image "./studienzurgriec03curtgoog/studienzurgriec03curtgoog_0289.png"; bbox 0 0 2836 4784; ppageno 0'>
   <div class='ocr_carea' id='block_1_1' title="bbox 154 335 817 451">
    <p class='ocr_par' dir='ltr' id='par_1_1' title="bbox 154 335 817 451">
     <span class='ocr_line' id='line_1_1' title="bbox 154 335 817 451; baseline -0.008 -51"><span class='ocrx_word' id='word_1_1' title='bbox 154 342 214 451; x_wconf 58' lang='lat'><strong>279</strong></span> <span class='ocrx_word' id='word_1_2' title='bbox 400 407 404 420; x_wconf 37' lang='grc' dir='ltr'><strong><em>Ι</em></strong></span> <span class='ocrx_word' id='word_1_3' title='bbox 667 335 759 401; x_wconf 80' lang='lat' dir='ltr'><strong>Allan.</strong></span> <span class='ocrx_word' id='word_1_4' title='bbox 814 390 817 395; x_wconf 88' lang='lat'><em>.</em></span> 
     </span>
    </p>
   </div>
   <div class='ocr_carea' id='block_1_2' title="bbox 90 506 1255 996">
    <p class='ocr_par' dir='ltr' id='par_1_2' title="bbox 90 506 1255 996">
     <span class='ocr_line' id='line_1_2' title="bbox 150 506 1255 596; baseline 0.001 -21"><span class='ocrx_word' id='word_1_5' title='bbox 150 506 307 594; x_wconf 77' lang='grc' dir='ltr'>μιοργός,</span> <span class='ocrx_word' id='word_1_6' title='bbox 331 517 352 595; x_wconf 63' lang='lat'>5</span> <span class='ocrx_word' id='word_1_7' title='bbox 372 519 400 594; x_wconf 87' lang='lat'><strong>7,</strong></span> <span class='ocrx_word' id='word_1_8' title='bbox 427 520 473 580; x_wconf 88' lang='grc'><strong>10.</strong></span> <span class='ocrx_word' id='word_1_9' title='bbox 514 512 559 577; x_wconf 82' lang='lat' dir='ltr'><strong>Et</strong></span> <span class='ocrx_word' id='word_1_10' title='bbox 587 534 705 579; x_wconf 86' lang='lat' dir='ltr'><strong>revera</strong></span> <span class='ocrx_word' id='word_1_11' title='bbox 730 514 886 580; x_wconf 84' lang='lat' dir='ltr'><strong>traditum</strong></span> <span class='ocrx_word' id='word_1_12' title='bbox 914 522 963 578; x_wconf 88' lang='lat' dir='ltr'><strong>est</strong></span> <span class='ocrx_word' id='word_1_13' title='bbox 992 509 1140 596; x_wconf 73' lang='grc' dir='ltr'>δινῆντες</span> <span class='ocrx_word' id='word_1_14' title='bbox 1164 511 1255 589; x_wconf 82' lang='lat' dir='ltr'><strong>(imm</strong></span> 
     </span>
     <span class='ocr_line' id='line_1_3' title="bbox 153 606 1255 700; baseline 0.002 -26"><span class='ocrx_word' id='word_1_15' title='bbox 153 606 309 698; x_wconf 69' lang='grc' dir='ltr'>ιιίιηιιες)</span> <span class='ocrx_word' id='word_1_16' title='bbox 322 611 446 698; x_wconf 86' lang='lat' dir='ltr'><strong>Sapph.</strong></span> <span class='ocrx_word' id='word_1_17' title='bbox 461 612 575 697; x_wconf 83' lang='lat' dir='ltr'>fragm.</span> <span class='ocrx_word' id='word_1_18' title='bbox 595 619 621 692; x_wconf 88' lang='lat' dir='ltr'><strong>t,</strong></span> <span class='ocrx_word' id='word_1_19' title='bbox 637 635 666 675; x_wconf 88' lang='lat' dir='ltr'><strong>v.</strong></span> <span class='ocrx_word' id='word_1_20' title='bbox 688 615 779 689; x_wconf 78' lang='lat'><strong>11,⁵¹)</strong></span> <span class='ocrx_word' id='word_1_21' title='bbox 802 612 889 700; x_wconf 91' lang='lat' dir='ltr'><strong>quod</strong></span> <span class='ocrx_word' id='word_1_22' title='bbox 902 635 968 677; x_wconf 94' lang='lat' dir='ltr'><strong>non</strong></span> <span class='ocrx_word' id='word_1_23' title='bbox 990 611 1133 681; x_wconf 77' lang='lat' dir='ltr'><strong>debebat</strong></span> <span class='ocrx_word' id='word_1_24' title='bbox 1146 621 1255 687; x_wconf 70' lang='lat' dir='ltr'><strong>mutan</strong></span> 
     </span>
     <span class='ocr_line' id='line_1_4' title="bbox 90 709 1255 798; baseline -0.002 -20"><span class='ocrx_word' id='word_1_25' title='bbox 90 773 92 778; x_wconf 88' lang='lat'><em>.</em></span> <span class='ocrx_word' id='word_1_26' title='bbox 154 712 344 777; x_wconf 86' lang='lat' dir='ltr'><strong>Ahrensius.</strong></span> <span class='ocrx_word' id='word_1_27' title='bbox 385 710 425 774; x_wconf 82' lang='grc' dir='ltr'><strong>ΙιιΙ</strong></span> <span class='ocrx_word' id='word_1_28' title='bbox 447 711 623 798; x_wconf 84' lang='lat' dir='ltr'><strong>participio</strong></span> <span class='ocrx_word' id='word_1_29' title='bbox 642 711 765 778; x_wconf 88' lang='lat' dir='ltr'><strong>nasalis</strong></span> <span class='ocrx_word' id='word_1_30' title='bbox 787 712 933 778; x_wconf 77' lang='lat' dir='ltr'>vocalem</span> <span class='ocrx_word' id='word_1_31' title='bbox 947 714 996 776; x_wconf 88' lang='lat' dir='ltr'><strong>in</strong></span> <span class='ocrx_word' id='word_1_32' title='bbox 1016 711 1139 775; x_wconf 88' lang='lat' dir='ltr'><strong>Latina</strong></span> <span class='ocrx_word' id='word_1_33' title='bbox 1159 709 1255 796; x_wconf 70' lang='lat' dir='ltr'><strong>lingua</strong></span> 
     </span>
     <span class='ocr_line' id='line_1_5' title="bbox 153 808 1255 897; baseline -0.001 -22"><span class='ocrx_word' id='word_1_34' title='bbox 153 835 218 876; x_wconf 89' lang='lat' dir='ltr'><strong>non</strong></span> <span class='ocrx_word' id='word_1_35' title='bbox 234 811 357 876; x_wconf 86' lang='lat' dir='ltr'><strong>affecit:</strong></span> <span class='ocrx_word' id='word_1_36' title='bbox 376 810 533 897; x_wconf 45' lang='lat' dir='ltr'><strong>tepentia</strong></span> <span class='ocrx_word' id='word_1_37' title='bbox 554 820 586 874; x_wconf 90' lang='lat' dir='ltr'><strong>et</strong></span> <span class='ocrx_word' id='word_1_38' title='bbox 600 811 750 892; x_wconf 50' lang='lat' dir='ltr'><strong>amanto,</strong></span> <span class='ocrx_word' id='word_1_39' title='bbox 765 809 903 876; x_wconf 68' lang='grc' dir='ltr'>ἅοιειιιιξι</span> <span class='ocrx_word' id='word_1_40' title='bbox 919 810 1120 897; x_wconf 86' lang='lat' dir='ltr'><strong>respondent</strong></span> <span class='ocrx_word' id='word_1_41' title='bbox 1134 808 1255 881; x_wconf 80' lang='lat' dir='ltr'><strong>Graeci</strong></span> 
     </span>
     <span class='ocr_line' id='line_1_6' title="bbox 154 902 1255 996; baseline 0.005 -24"><span class='ocrx_word' id='word_1_42' title='bbox 154 905 321 992; x_wconf 73' lang='grc' dir='ltr'><em>γέλαντος,</em></span> <span class='ocrx_word' id='word_1_43' title='bbox 348 902 510 994; x_wconf 76' lang='grc' dir='ltr'><strong><em>φίληντες.</em></strong></span> <span class='ocrx_word' id='word_1_44' title='bbox 546 909 670 975; x_wconf 73' lang='lat' dir='ltr'><strong>Contra</strong></span> <span class='ocrx_word' id='word_1_45' title='bbox 687 911 808 996; x_wconf 66' lang='lat' dir='ltr'><strong>tepent,</strong></span> <span class='ocrx_word' id='word_1_46' title='bbox 821 911 962 996; x_wconf 59' lang='lat' dir='ltr'><strong>tepente,</strong></span> <span class='ocrx_word' id='word_1_47' title='bbox 983 909 1042 974; x_wconf 90' lang='lat' dir='ltr'><strong>sed</strong></span> <span class='ocrx_word' id='word_1_48' title='bbox 1061 909 1255 980; x_wconf 84' lang='lat' dir='ltr'><strong>nihilominn</strong></span> 
     </span>
    </p>
   </div>
   <div class='ocr_carea' id='block_1_3' title="bbox 41 1004 1255 1095">
    <p class='ocr_par' dir='ltr' id='par_1_3' title="bbox 41 1004 1255 1095">
     <span class='ocr_line' id='line_1_7' title="bbox 41 1004 1255 1095; baseline 0.001 -22"><span class='ocrx_word' id='word_1_49' title='bbox 41 1070 45 1078; x_wconf 83' lang='grc'><em>,</em></span> <span class='ocrx_word' id='word_1_50' title='bbox 154 1009 320 1095; x_wconf 77' lang='lat' dir='ltr'><strong>conspirat</strong></span> <span class='ocrx_word' id='word_1_51' title='bbox 341 1007 449 1072; x_wconf 76' lang='lat' dir='ltr'><strong>docent</strong></span> <span class='ocrx_word' id='word_1_52' title='bbox 469 1031 543 1073; x_wconf 91' lang='lat' dir='ltr'><strong>cum</strong></span> <span class='ocrx_word' id='word_1_53' title='bbox 564 1004 694 1094; x_wconf 80' lang='grc' dir='ltr'>φιλένιι</span> <span class='ocrx_word' id='word_1_54' title='bbox 715 1007 893 1095; x_wconf 56' lang='lat' dir='ltr'><strong>(paoni),</strong></span> <span class='ocrx_word' id='word_1_55' title='bbox 914 1019 946 1072; x_wconf 88' lang='lat' dir='ltr'><strong>et</strong></span> <span class='ocrx_word' id='word_1_56' title='bbox 966 1008 1080 1075; x_wconf 86' lang='lat' dir='ltr'><strong>eodem</strong></span> <span class='ocrx_word' id='word_1_57' title='bbox 1102 1010 1197 1076; x_wconf 89' lang='lat' dir='ltr'><strong>modo</strong></span> <span class='ocrx_word' id='word_1_58' title='bbox 1217 1011 1255 1082; x_wconf 64' lang='lat' dir='ltr'><strong>it</strong></span> 
     </span>
    </p>
   </div>
   <div class='ocr_carea' id='block_1_4' title="bbox 152 1107 1255 1294">
    <p class='ocr_par' dir='ltr' id='par_1_4' title="bbox 152 1107 1255 1294">
     <span class='ocr_line' id='line_1_8' title="bbox 155 1107 1255 1196; baseline 0 -24"><span class='ocrx_word' id='word_1_59' title='bbox 155 1107 367 1193; x_wconf 85' lang='lat' dir='ltr'><strong>telligeudum</strong></span> <span class='ocrx_word' id='word_1_60' title='bbox 398 1118 448 1171; x_wconf 87' lang='lat' dir='ltr'><strong>est</strong></span> <span class='ocrx_word' id='word_1_61' title='bbox 480 1121 607 1190; x_wconf 77' lang='lat' dir='ltr'><strong>umam,</strong></span> <span class='ocrx_word' id='word_1_62' title='bbox 638 1130 836 1196; x_wconf 86' lang='lat' dir='ltr'><strong>quamquam</strong></span> <span class='ocrx_word' id='word_1_63' title='bbox 861 1107 897 1171; x_wconf 93' lang='lat' dir='ltr'><strong>id</strong></span> <span class='ocrx_word' id='word_1_64' title='bbox 926 1118 1036 1194; x_wconf 88' lang='lat' dir='ltr'><strong>posset</strong></span> <span class='ocrx_word' id='word_1_65' title='bbox 1063 1108 1109 1172; x_wconf 87' lang='lat' dir='ltr'><strong>ad</strong></span> <span class='ocrx_word' id='word_1_66' title='bbox 1131 1132 1255 1182; x_wconf 60' lang='lat' dir='ltr'><strong>amaea</strong></span> 
     </span>
     <span class='ocr_line' id='line_1_9' title="bbox 152 1205 1201 1294; baseline 0.001 -22"><span class='ocrx_word' id='word_1_67' title='bbox 152 1208 310 1272; x_wconf 87' lang='lat' dir='ltr'><strong>revocari.</strong></span> <span class='ocrx_word' id='word_1_68' title='bbox 352 1205 482 1294; x_wconf 85' lang='lat' dir='ltr'><strong>Adjicio</strong></span> <span class='ocrx_word' id='word_1_69' title='bbox 506 1208 637 1273; x_wconf 88' lang='lat' dir='ltr'><strong>schema</strong></span> <span class='ocrx_word' id='word_1_70' title='bbox 659 1212 677 1274; x_wconf 88' lang='lat'><strong>3</strong></span> <span class='ocrx_word' id='word_1_71' title='bbox 698 1230 857 1294; x_wconf 84' lang='lat' dir='ltr'><strong>personae</strong></span> <span class='ocrx_word' id='word_1_72' title='bbox 879 1206 963 1294; x_wconf 88' lang='lat' dir='ltr'><strong>plur.</strong></span> <span class='ocrx_word' id='word_1_73' title='bbox 985 1206 1052 1273; x_wconf 91' lang='lat' dir='ltr'><strong>ind.</strong></span> <span class='ocrx_word' id='word_1_74' title='bbox 1073 1210 1201 1273; x_wconf 87' lang='lat' dir='ltr'><strong>activi:&#39;</strong></span> 
     </span>
    </p>
   </div>
   <div class='ocr_carea' id='block_1_5' title="bbox 525 1344 982 1637">
    <p class='ocr_par' dir='ltr' id='par_1_5' title="bbox 525 1344 982 1621">
     <span class='ocr_line' id='line_1_10' title="bbox 525 1344 915 1440; baseline -0.005 -18"><span class='ocrx_word' id='word_1_75' title='bbox 525 1388 529 1393; x_wconf 86' lang='grc'><em>·</em></span> <span class='ocrx_word' id='word_1_76' title='bbox 628 1367 781 1440; x_wconf 88' lang='lat' dir='ltr'><strong>ama-ant,</strong></span> <span class='ocrx_word' id='word_1_77' title='bbox 805 1344 915 1422; x_wconf 84' lang='lat' dir='ltr'><strong>amant</strong></span> 
     </span>
     <span class='ocr_line' id='line_1_11' title="bbox 627 1451 982 1543; baseline -0.008 -23"><span class='ocrx_word' id='word_1_78' title='bbox 627 1454 800 1539; x_wconf 78' lang='lat' dir='ltr'><strong>yslo-om</strong></span> <span class='ocrx_word' id='word_1_79' title='bbox 824 1451 982 1543; x_wconf 77' lang='grc' dir='ltr'>[γελᾶντι]</span> 
     </span>
     <span class='ocr_line' id='line_1_12' title="bbox 629 1551 929 1637; baseline -0.007 -17"><span class='ocrx_word' id='word_1_80' title='bbox 629 1551 788 1637; x_wconf 74' lang='lat' dir='ltr'><strong>doce-ent,</strong></span> <span class='ocrx_word' id='word_1_81' title='bbox 812 1555 929 1620; x_wconf 82' lang='lat' dir='ltr'>docent</span> 
     </span>
    </p>
   </div>
   <div class='ocr_carea' id='block_1_6' title="bbox 292 1544 1081 1958">
    <p class='ocr_par' dir='ltr' id='par_1_6' title="bbox 292 1546 1081 1958">
     <span class='ocr_line' id='line_1_13' title="bbox 310 1592 544 1670; baseline -0.013 0"><span class='ocrx_word' id='word_1_82' title='bbox 310 1592 313 1598; x_wconf 38' lang='lat'><strong>¹</strong></span> <span class='ocrx_word' id='word_1_83' title='bbox 445 1605 544 1670; x_wconf 84' lang='lat' dir='ltr'><strong>a-anti</strong></span> 
     </span>
     <span class='ocr_line' id='line_1_14' title="bbox 292 1544 1081 1958; baseline -0.003 -240"><span class='ocrx_word' id='word_1_84' title='bbox 292 1595 544 1896; x_wconf 48' lang='grc' dir='ltr'><strong>ψῃῃὶοθῃ</strong></span> <span class='ocrx_word' id='word_1_85' title='bbox 533 1544 577 1958; x_wconf 53' lang='grc' dir='ltr'>ξ</span> <span class='ocrx_word' id='word_1_86' title='bbox 628 1653 804 1742; x_wconf 65' lang='grc' dir='ltr'>φιλῇ-,ενα</span> <span class='ocrx_word' id='word_1_87' title='bbox 830 1652 966 1774; x_wconf 57' lang='lat' dir='ltr'><strong>palpare</strong></span> <span class='ocrx_word' id='word_1_88' title='bbox 988 1647 1081 1732; x_wconf 76' lang='grc' dir='ltr'>(ἐντι)</span> 
     </span>
    </p>
   </div>
   <div class='ocr_carea' id='block_1_7' title="bbox 445 1801 1076 1991">
    <p class='ocr_par' dir='ltr' id='par_1_7' title="bbox 445 1801 1076 1991">
     <span class='ocr_line' id='line_1_15' title="bbox 445 1801 1076 1892; baseline 0 -24"><span class='ocrx_word' id='word_1_89' title='bbox 445 1804 545 1868; x_wconf 66' lang='lat' dir='ltr'><strong>conti</strong></span> <span class='ocrx_word' id='word_1_90' title='bbox 625 1804 723 1888; x_wconf 74' lang='lat' dir='ltr'><strong>yslo·</strong></span> <span class='ocrx_word' id='word_1_91' title='bbox 707 1827 807 1888; x_wconf 87' lang='grc' dir='ltr'>-,αισι</span> <span class='ocrx_word' id='word_1_92' title='bbox 829 1801 958 1892; x_wconf 76' lang='grc' dir='ltr'>γέλαισι</span> <span class='ocrx_word' id='word_1_93' title='bbox 978 1805 1076 1870; x_wconf 84' lang='lat' dir='ltr'><strong>Lesb</strong></span> 
     </span>
     <span class='ocr_line' id='line_1_16' title="bbox 627 1899 1010 1991; baseline 0.01 -23"><span class='ocrx_word' id='word_1_94' title='bbox 627 1899 951 1991; x_wconf 61' lang='lat' dir='ltr'><strong>catassamitum</strong></span> <span class='ocrx_word' id='word_1_95' title='bbox 1007 1966 1010 1972; x_wconf 89' lang='grc'>.</span> 
     </span>
    </p>
   </div>
   <div class='ocr_carea' id='block_1_8' title="bbox 628 1999 1045 2091">
    <p class='ocr_par' dir='ltr' id='par_1_8' title="bbox 628 1999 1045 2091">
     <span class='ocr_line' id='line_1_17' title="bbox 628 1999 1045 2091; baseline 0.022 -25"><span class='ocrx_word' id='word_1_96' title='bbox 628 2003 809 2089; x_wconf 61' lang='lat' dir='ltr'><strong>opto-otor,</strong></span> <span class='ocrx_word' id='word_1_97' title='bbox 835 1999 964 2091; x_wconf 64' lang='lat' dir='ltr'><strong>drflouu</strong></span> <span class='ocrx_word' id='word_1_98' title='bbox 1042 2071 1045 2075; x_wconf 85' lang='lat'><em>.</em></span> 
     </span>
    </p>
   </div>
   <div class='ocr_carea' id='block_1_9' title="bbox 73 2131 1255 3833">
    <p class='ocr_par' dir='ltr' id='par_1_9' title="bbox 151 2131 1255 3331">
     <span class='ocr_line' id='line_1_18' title="bbox 234 2131 1255 2240; baseline -0.006 -23"><span class='ocrx_word' id='word_1_99' title='bbox 234 2131 373 2233; x_wconf 78' lang='lat' dir='ltr'><strong>Quaeris</strong></span> <span class='ocrx_word' id='word_1_100' title='bbox 402 2153 540 2219; x_wconf 82' lang='lat' dir='ltr'><strong>fortasse</strong></span> <span class='ocrx_word' id='word_1_101' title='bbox 568 2155 622 2240; x_wconf 92' lang='lat' dir='ltr'><strong>qui</strong></span> <span class='ocrx_word' id='word_1_102' title='bbox 652 2153 709 2218; x_wconf 85' lang='lat' dir='ltr'><strong>fiat</strong></span> <span class='ocrx_word' id='word_1_103' title='bbox 696 2163 766 2218; x_wconf 84' lang='lat' dir='ltr'><strong>tut</strong></span> <span class='ocrx_word' id='word_1_104' title='bbox 786 2153 939 2217; x_wconf 85' lang='lat' dir='ltr'><strong>nasalis</strong></span> <span class='ocrx_word' id='word_1_105' title='bbox 929 2176 971 2216; x_wconf 92' lang='lat' dir='ltr'><strong>m</strong></span> <span class='ocrx_word' id='word_1_106' title='bbox 984 2154 1047 2217; x_wconf 85' lang='lat' dir='ltr'><strong>hac</strong></span> <span class='ocrx_word' id='word_1_107' title='bbox 1070 2151 1255 2232; x_wconf 64' lang='lat' dir='ltr'><strong>formatione</strong></span> 
     </span>
     <span class='ocr_line' id='line_1_19' title="bbox 151 2247 1255 2339; baseline -0.003 -23"><span class='ocrx_word' id='word_1_108' title='bbox 151 2276 215 2318; x_wconf 92' lang='lat' dir='ltr'><strong>non</strong></span> <span class='ocrx_word' id='word_1_109' title='bbox 237 2251 345 2316; x_wconf 86' lang='lat' dir='ltr'><strong>valeat</strong></span> <span class='ocrx_word' id='word_1_110' title='bbox 366 2252 409 2318; x_wconf 83' lang='lat' dir='ltr'><strong>ad</strong></span> <span class='ocrx_word' id='word_1_111' title='bbox 430 2254 637 2318; x_wconf 85' lang='lat' dir='ltr'><strong>thematicam</strong></span> <span class='ocrx_word' id='word_1_112' title='bbox 651 2252 796 2316; x_wconf 77' lang='lat' dir='ltr'><strong>vocalem</strong></span> <span class='ocrx_word' id='word_1_113' title='bbox 812 2251 1061 2335; x_wconf 79' lang='lat' dir='ltr'><strong>obscurandam,</strong></span> <span class='ocrx_word' id='word_1_114' title='bbox 1084 2274 1179 2339; x_wconf 85' lang='lat' dir='ltr'><strong>quam</strong></span> <span class='ocrx_word' id='word_1_115' title='bbox 1193 2247 1255 2313; x_wconf 76' lang='lat' dir='ltr'><strong>vim</strong></span> 
     </span>
     <span class='ocr_line' id='line_1_20' title="bbox 151 2351 1255 2439; baseline -0.003 -21"><span class='ocrx_word' id='word_1_116' title='bbox 151 2375 316 2439; x_wconf 91' lang='lat' dir='ltr'><strong>nunquam</strong></span> <span class='ocrx_word' id='word_1_117' title='bbox 338 2353 485 2415; x_wconf 89' lang='lat' dir='ltr'><strong>amittit</strong></span> <span class='ocrx_word' id='word_1_118' title='bbox 477 2376 509 2416; x_wconf 91' lang='lat' dir='ltr'><strong>m</strong></span> <span class='ocrx_word' id='word_1_119' title='bbox 533 2354 684 2438; x_wconf 79' lang='lat' dir='ltr'><strong>conjugat</strong></span> <span class='ocrx_word' id='word_1_120' title='bbox 685 2353 758 2416; x_wconf 89' lang='lat' dir='ltr'><strong>ione</strong></span> <span class='ocrx_word' id='word_1_121' title='bbox 779 2352 872 2416; x_wconf 86' lang='lat' dir='ltr'><strong>verbi</strong></span> <span class='ocrx_word' id='word_1_122' title='bbox 895 2351 1056 2438; x_wconf 80' lang='lat' dir='ltr'><strong>barytoni.</strong></span> <span class='ocrx_word' id='word_1_123' title='bbox 1097 2352 1209 2431; x_wconf 81' lang='lat' dir='ltr'><strong>Causa,</strong></span> <span class='ocrx_word' id='word_1_124' title='bbox 1231 2355 1255 2405; x_wconf 76' lang='lat'><strong>⁵¹</strong></span> 
     </span>
     <span class='ocr_line' id='line_1_21' title="bbox 153 2443 1255 2540; baseline -0.007 -22"><span class='ocrx_word' id='word_1_125' title='bbox 153 2451 231 2540; x_wconf 89' lang='lat' dir='ltr'><strong>quid</strong></span> <span class='ocrx_word' id='word_1_126' title='bbox 251 2450 387 2532; x_wconf 84' lang='lat' dir='ltr'><strong>video,</strong></span> <span class='ocrx_word' id='word_1_127' title='bbox 379 2474 412 2514; x_wconf 91' lang='lat' dir='ltr'><strong>m</strong></span> <span class='ocrx_word' id='word_1_128' title='bbox 433 2449 496 2516; x_wconf 90' lang='lat' dir='ltr'><strong>hoc</strong></span> <span class='ocrx_word' id='word_1_129' title='bbox 517 2454 625 2539; x_wconf 90' lang='lat' dir='ltr'><strong>posita</strong></span> <span class='ocrx_word' id='word_1_130' title='bbox 647 2459 711 2534; x_wconf 87' lang='lat' dir='ltr'><strong>cst,</strong></span> <span class='ocrx_word' id='word_1_131' title='bbox 733 2451 820 2540; x_wconf 92' lang='lat' dir='ltr'><strong>quod</strong></span> <span class='ocrx_word' id='word_1_132' title='bbox 843 2450 1009 2538; x_wconf 79' lang='lat' dir='ltr'><strong>syllabaj</strong></span> <span class='ocrx_word' id='word_1_133' title='bbox 1006 2466 1031 2513; x_wconf 85' lang='grc' dir='ltr'><strong>ιῖ</strong></span> <span class='ocrx_word' id='word_1_134' title='bbox 1046 2452 1171 2537; x_wconf 79' lang='lat' dir='ltr'><strong>origine</strong></span> <span class='ocrx_word' id='word_1_135' title='bbox 1192 2443 1255 2513; x_wconf 77' lang='lat' dir='ltr'><strong>aral</strong></span> 
     </span>
     <span class='ocr_line' id='line_1_22' title="bbox 151 2548 1255 2639; baseline -0.001 -24"><span class='ocrx_word' id='word_1_136' title='bbox 151 2549 248 2616; x_wconf 85' lang='lat' dir='ltr'><strong>radix</strong></span> <span class='ocrx_word' id='word_1_137' title='bbox 277 2548 439 2631; x_wconf 86' lang='lat' dir='ltr'><strong>verbalis,</strong></span> <span class='ocrx_word' id='word_1_138' title='bbox 472 2573 554 2638; x_wconf 87' lang='lat' dir='ltr'><strong>quae</strong></span> <span class='ocrx_word' id='word_1_139' title='bbox 586 2553 660 2637; x_wconf 92' lang='lat' dir='ltr'><strong>ipsa</strong></span> <span class='ocrx_word' id='word_1_140' title='bbox 682 2551 859 2616; x_wconf 81' lang='lat' dir='ltr'><strong>secundum</strong></span> <span class='ocrx_word' id='word_1_141' title='bbox 887 2553 1148 2639; x_wconf 85' lang='lat' dir='ltr'><strong>conjugationem</strong></span> <span class='ocrx_word' id='word_1_142' title='bbox 1170 2552 1200 2614; x_wconf 90' lang='lat' dir='ltr'><strong>in</strong></span> <span class='ocrx_word' id='word_1_143' title='bbox 1220 2557 1255 2628; x_wconf 69' lang='grc' dir='ltr'><strong>μ’</strong></span> 
     </span>
     <span class='ocr_line' id='line_1_23' title="bbox 154 2634 1255 2738; baseline -0.005 -22"><span class='ocrx_word' id='word_1_144' title='bbox 154 2647 339 2716; x_wconf 80' lang='lat' dir='ltr'><strong>declinabat</strong></span> <span class='ocrx_word' id='word_1_145' title='bbox 326 2657 395 2733; x_wconf 90' lang='lat' dir='ltr'><strong>tur,</strong></span> <span class='ocrx_word' id='word_1_146' title='bbox 417 2659 514 2738; x_wconf 85' lang='lat' dir='ltr'><strong>atque</strong></span> <span class='ocrx_word' id='word_1_147' title='bbox 537 2649 680 2715; x_wconf 84' lang='lat' dir='ltr'><strong>eodem</strong></span> <span class='ocrx_word' id='word_1_148' title='bbox 666 2674 740 2738; x_wconf 92' lang='lat' dir='ltr'><strong>Jure</strong></span> <span class='ocrx_word' id='word_1_149' title='bbox 762 2674 825 2738; x_wconf 92' lang='lat' dir='ltr'><strong>quo</strong></span> <span class='ocrx_word' id='word_1_150' title='bbox 847 2643 942 2712; x_wconf 66' lang='lat' dir='ltr'><strong>ride·</strong></span> <span class='ocrx_word' id='word_1_151' title='bbox 925 2670 1004 2730; x_wconf 81' lang='grc' dir='ltr'><em>-μεν</em></span> <span class='ocrx_word' id='word_1_152' title='bbox 1025 2643 1089 2712; x_wconf 66' lang='lat' dir='ltr'><strong>dt·</strong></span> <span class='ocrx_word' id='word_1_153' title='bbox 1072 2672 1165 2724; x_wconf 77' lang='grc' dir='ltr'>-νιος</span> <span class='ocrx_word' id='word_1_154' title='bbox 1182 2634 1255 2712; x_wconf 81' lang='lat' dir='ltr'><strong>nihil</strong></span> 
     </span>
     <span class='ocr_line' id='line_1_24' title="bbox 152 2676 1255 2838; baseline -0.005 -22"><span class='ocrx_word' id='word_1_155' title='bbox 152 2749 354 2835; x_wconf 84' lang='lat' dir='ltr'><strong>afficiebatur</strong></span> <span class='ocrx_word' id='word_1_156' title='bbox 388 2749 548 2814; x_wconf 81' lang='lat' dir='ltr'><strong>anasali&#39;:</strong></span> <span class='ocrx_word' id='word_1_157' title='bbox 576 2749 611 2813; x_wconf 93' lang='lat' dir='ltr'><strong>id</strong></span> <span class='ocrx_word' id='word_1_158' title='bbox 648 2676 733 2838; x_wconf 66' lang='lat' dir='ltr'><strong>unod</strong></span> <span class='ocrx_word' id='word_1_159' title='bbox 757 2751 933 2815; x_wconf 88' lang='lat' dir='ltr'><strong>videmus</strong></span> <span class='ocrx_word' id='word_1_160' title='bbox 924 2773 958 2813; x_wconf 91' lang='lat' dir='ltr'><strong>m</strong></span> <span class='ocrx_word' id='word_1_161' title='bbox 980 2749 1091 2814; x_wconf 86' lang='lat' dir='ltr'><strong>radice</strong></span> <span class='ocrx_word' id='word_1_162' title='bbox 1114 2751 1158 2811; x_wconf 75' lang='grc' dir='ltr'><strong>ιιε</strong></span> <span class='ocrx_word' id='word_1_163' title='bbox 1179 2758 1255 2836; x_wconf 68' lang='lat' dir='ltr'><strong>quae</strong></span> 
     </span>
     <span class='ocr_line' id='line_1_25' title="bbox 152 2843 1255 2936; baseline -0.005 -21"><span class='ocrx_word' id='word_1_164' title='bbox 152 2860 207 2915; x_wconf 87' lang='lat' dir='ltr'><strong>est</strong></span> <span class='ocrx_word' id='word_1_165' title='bbox 226 2851 260 2912; x_wconf 93' lang='lat' dir='ltr'><strong>in</strong></span> <span class='ocrx_word' id='word_1_166' title='bbox 281 2848 358 2914; x_wconf 86' lang='lat' dir='ltr'><strong>Aor.</strong></span> <span class='ocrx_word' id='word_1_167' title='bbox 381 2872 486 2936; x_wconf 81' lang='lat' dir='ltr'><strong>pass,</strong></span> <span class='ocrx_word' id='word_1_168' title='bbox 514 2847 584 2926; x_wconf 82' lang='grc' dir='ltr'><em>λεχ-</em></span> <span class='ocrx_word' id='word_1_169' title='bbox 588 2843 648 2911; x_wconf 65' lang='lat' dir='ltr'><strong>us·</strong></span> <span class='ocrx_word' id='word_1_170' title='bbox 632 2869 725 2923; x_wconf 78' lang='grc' dir='ltr'>-ιτος</span> <span class='ocrx_word' id='word_1_171' title='bbox 752 2858 825 2912; x_wconf 87' lang='lat' dir='ltr'><strong>etc.</strong></span> <span class='ocrx_word' id='word_1_172' title='bbox 852 2848 896 2913; x_wconf 83' lang='lat' dir='ltr'><strong>At</strong></span> <span class='ocrx_word' id='word_1_173' title='bbox 926 2871 984 2936; x_wconf 90' lang='lat' dir='ltr'><strong>pos</strong></span> <span class='ocrx_word' id='word_1_174' title='bbox 986 2857 1039 2913; x_wconf 83' lang='lat' dir='ltr'><strong>tea</strong></span> <span class='ocrx_word' id='word_1_175' title='bbox 1065 2870 1166 2935; x_wconf 91' lang='lat' dir='ltr'><strong>quum</strong></span> <span class='ocrx_word' id='word_1_176' title='bbox 1191 2850 1255 2934; x_wconf 78' lang='lat' dir='ltr'><strong>jau]</strong></span> 
     </span>
     <span class='ocr_line' id='line_1_26' title="bbox 151 2947 1255 3037; baseline -0.005 -24"><span class='ocrx_word' id='word_1_177' title='bbox 151 2949 377 3037; x_wconf 77' lang='lat' dir='ltr'><strong>perceptione</strong></span> <span class='ocrx_word' id='word_1_178' title='bbox 399 2969 511 3013; x_wconf 85' lang='lat' dir='ltr'><strong>sensus</strong></span> <span class='ocrx_word' id='word_1_179' title='bbox 540 2949 636 3035; x_wconf 89' lang='lat' dir='ltr'><strong>hujus</strong></span> <span class='ocrx_word' id='word_1_180' title='bbox 664 2948 865 3013; x_wconf 85' lang='lat' dir='ltr'><strong>formationis</strong></span> <span class='ocrx_word' id='word_1_181' title='bbox 888 2947 1046 3035; x_wconf 84' lang='lat' dir='ltr'><strong>paulatim</strong></span> <span class='ocrx_word' id='word_1_182' title='bbox 1067 2948 1255 3019; x_wconf 68' lang='lat' dir='ltr'><strong>hebesceret</strong></span> 
     </span>
     <span class='ocr_line' id='line_1_27' title="bbox 151 3031 1255 3134; baseline -0.005 -22"><span class='ocrx_word' id='word_1_183' title='bbox 151 3057 188 3112; x_wconf 90' lang='lat' dir='ltr'><strong>ut</strong></span> <span class='ocrx_word' id='word_1_184' title='bbox 208 3062 288 3112; x_wconf 85' lang='lat' dir='ltr'><strong>vera</strong></span> <span class='ocrx_word' id='word_1_185' title='bbox 311 3049 380 3134; x_wconf 91' lang='lat' dir='ltr'><strong>ejus</strong></span> <span class='ocrx_word' id='word_1_186' title='bbox 409 3057 527 3111; x_wconf 84' lang='lat' dir='ltr'><strong>natura</strong></span> <span class='ocrx_word' id='word_1_187' title='bbox 553 3068 618 3111; x_wconf 88' lang='lat' dir='ltr'><strong>non</strong></span> <span class='ocrx_word' id='word_1_188' title='bbox 646 3046 784 3133; x_wconf 86' lang='lat' dir='ltr'><strong>amplius</strong></span> <span class='ocrx_word' id='word_1_189' title='bbox 806 3042 996 3128; x_wconf 79' lang='lat' dir='ltr'><strong>sentiretur,</strong></span> <span class='ocrx_word' id='word_1_190' title='bbox 1023 3048 1131 3133; x_wconf 87' lang='lat' dir='ltr'><strong>coepit</strong></span> <span class='ocrx_word' id='word_1_191' title='bbox 1151 3031 1255 3112; x_wconf 75' lang='lat' dir='ltr'><strong>haberi</strong></span> 
     </span>
     <span class='ocr_line' id='line_1_28' title="bbox 152 3144 1255 3244; baseline -0.006 -32"><span class='ocrx_word' id='word_1_192' title='bbox 152 3169 212 3234; x_wconf 91' lang='lat' dir='ltr'><strong>pro</strong></span> <span class='ocrx_word' id='word_1_193' title='bbox 234 3146 410 3211; x_wconf 87' lang='lat' dir='ltr'><strong>thematica</strong></span> <span class='ocrx_word' id='word_1_194' title='bbox 431 3144 537 3211; x_wconf 88' lang='lat' dir='ltr'><strong>vocali</strong></span> <span class='ocrx_word' id='word_1_195' title='bbox 558 3144 639 3225; x_wconf 85' lang='lat' dir='ltr'><strong>haec</strong></span> <span class='ocrx_word' id='word_1_196' title='bbox 660 3145 823 3225; x_wconf 84' lang='lat' dir='ltr'><strong>radix,t</strong></span> <span class='ocrx_word' id='word_1_197' title='bbox 790 3155 893 3244; x_wconf 83' lang='lat' dir='ltr'><strong>atque</strong></span> <span class='ocrx_word' id='word_1_198' title='bbox 907 3155 976 3211; x_wconf 88' lang='lat' dir='ltr'><strong>tum</strong></span> <span class='ocrx_word' id='word_1_199' title='bbox 999 3145 1128 3211; x_wconf 88' lang='lat' dir='ltr'><strong>demum</strong></span> <span class='ocrx_word' id='word_1_200' title='bbox 1151 3144 1255 3235; x_wconf 81' lang='lat' dir='ltr'><strong>audie</strong></span> 
     </span>
     <span class='ocr_line' id='line_1_29' title="bbox 151 3238 994 3331; baseline -0.006 -19"><span class='ocrx_word' id='word_1_201' title='bbox 151 3246 231 3331; x_wconf 77' lang='lat' dir='ltr'><strong>bant</strong></span> <span class='ocrx_word' id='word_1_202' title='bbox 218 3255 270 3310; x_wconf 87' lang='lat' dir='ltr'><strong>tur</strong></span> <span class='ocrx_word' id='word_1_203' title='bbox 293 3238 455 3331; x_wconf 64' lang='lat' dir='ltr'><strong>meldorum</strong></span> <span class='ocrx_word' id='word_1_204' title='bbox 472 3254 508 3309; x_wconf 87' lang='lat' dir='ltr'><strong>et</strong></span> <span class='ocrx_word' id='word_1_205' title='bbox 528 3244 656 3310; x_wconf 87' lang='lat' dir='ltr'><strong>similia</strong></span> <span class='ocrx_word' id='word_1_206' title='bbox 993 3262 994 3267; x_wconf 74' lang='grc'>’</span> 
     </span>
    </p>

    <p class='ocr_par' dir='ltr' id='par_1_10' title="bbox 73 3340 1255 3731">
     <span class='ocr_line' id='line_1_30' title="bbox 235 3340 1255 3432; baseline -0.008 -20"><span class='ocrx_word' id='word_1_207' title='bbox 235 3351 263 3412; x_wconf 90' lang='grc'>3</span> <span class='ocrx_word' id='word_1_208' title='bbox 297 3344 409 3409; x_wconf 83' lang='lat' dir='ltr'><strong>Aorist</strong></span> <span class='ocrx_word' id='word_1_209' title='bbox 396 3353 464 3414; x_wconf 87' lang='lat' dir='ltr'><strong>tum</strong></span> <span class='ocrx_word' id='word_1_210' title='bbox 483 3344 555 3409; x_wconf 85' lang='lat' dir='ltr'><strong>Iet</strong></span> <span class='ocrx_word' id='word_1_211' title='bbox 575 3345 718 3409; x_wconf 88' lang='lat' dir='ltr'><strong>futurum</strong></span> <span class='ocrx_word' id='word_1_212' title='bbox 732 3343 929 3408; x_wconf 79' lang='lat' dir='ltr'><strong>verborum</strong></span> <span class='ocrx_word' id='word_1_213' title='bbox 920 3364 953 3408; x_wconf 91' lang='lat' dir='ltr'><strong>m</strong></span> <span class='ocrx_word' id='word_1_214' title='bbox 968 3340 1022 3421; x_wconf 84' lang='grc' dir='ltr'><strong>ζω,</strong></span> <span class='ocrx_word' id='word_1_215' title='bbox 1048 3360 1129 3432; x_wconf 82' lang='lat' dir='ltr'><strong>quas</strong></span> <span class='ocrx_word' id='word_1_216' title='bbox 1142 3344 1255 3408; x_wconf 69' lang='lat' dir='ltr'><strong>formas</strong></span> 
     </span>
     <span class='ocr_line' id='line_1_31' title="bbox 73 3433 1255 3530; baseline -0.005 -20"><span class='ocrx_word' id='word_1_217' title='bbox 73 3463 75 3466; x_wconf 77' lang='grc'>’</span> <span class='ocrx_word' id='word_1_218' title='bbox 151 3448 184 3510; x_wconf 82' lang='grc' dir='ltr'><strong>ιιι</strong></span> <span class='ocrx_word' id='word_1_219' title='bbox 211 3445 336 3509; x_wconf 89' lang='lat' dir='ltr'><strong>Dorica</strong></span> <span class='ocrx_word' id='word_1_220' title='bbox 362 3443 474 3530; x_wconf 85' lang='lat' dir='ltr'><strong>lingua</strong></span> <span class='ocrx_word' id='word_1_221' title='bbox 501 3443 551 3508; x_wconf 88' lang='lat' dir='ltr'><strong>litt</strong></span> <span class='ocrx_word' id='word_1_222' title='bbox 539 3452 609 3507; x_wconf 87' lang='lat' dir='ltr'><strong>tora</strong></span> <span class='ocrx_word' id='word_1_223' title='bbox 635 3441 655 3522; x_wconf 87' lang='grc' dir='ltr'><strong><em>ξ</em></strong></span> <span class='ocrx_word' id='word_1_224' title='bbox 680 3446 727 3508; x_wconf 88' lang='lat' dir='ltr'><strong>uti</strong></span> <span class='ocrx_word' id='word_1_225' title='bbox 757 3452 1007 3508; x_wconf 85' lang='lat' dir='ltr'><strong>consentaneum</strong></span> <span class='ocrx_word' id='word_1_226' title='bbox 1035 3455 1100 3527; x_wconf 85' lang='lat' dir='ltr'><strong>est,</strong></span> <span class='ocrx_word' id='word_1_227' title='bbox 1129 3466 1190 3508; x_wconf 90' lang='lat' dir='ltr'><strong>non</strong></span> <span class='ocrx_word' id='word_1_228' title='bbox 1213 3433 1255 3504; x_wconf 73' lang='lat' dir='ltr'><strong>al</strong></span> 
     </span>
     <span class='ocr_line' id='line_1_32' title="bbox 152 3531 1255 3621; baseline -0.009 -11"><span class='ocrx_word' id='word_1_229' title='bbox 152 3531 264 3610; x_wconf 84' lang='lat' dir='ltr'><strong>eadem</strong></span> <span class='ocrx_word' id='word_1_230' title='bbox 292 3545 418 3609; x_wconf 88' lang='lat' dir='ltr'><strong>ratione</strong></span> <span class='ocrx_word' id='word_1_231' title='bbox 440 3543 629 3608; x_wconf 78' lang='lat' dir='ltr'><strong>discessisse</strong></span> <span class='ocrx_word' id='word_1_232' title='bbox 650 3544 688 3621; x_wconf 78' lang='lat' dir='ltr'><strong>in¹</strong></span> <span class='ocrx_word' id='word_1_233' title='bbox 706 3543 862 3621; x_wconf 84' lang='lat' dir='ltr'><strong>Locrica‚</strong></span> <span class='ocrx_word' id='word_1_234' title='bbox 893 3542 1094 3608; x_wconf 83' lang='lat' dir='ltr'><strong>&#39;demonstrat</strong></span> <span class='ocrx_word' id='word_1_235' title='bbox 1116 3540 1255 3606; x_wconf 72' lang='lat' dir='ltr'><strong>substan¹</strong></span> 
     </span>
     <span class='ocr_line' id='line_1_33' title="bbox 149 3636 916 3731; baseline -0.001 -21"><span class='ocrx_word' id='word_1_236' title='bbox 149 3648 251 3710; x_wconf 81' lang='lat' dir='ltr'><strong>tivum</strong></span> <span class='ocrx_word' id='word_1_237' title='bbox 269 3636 638 3731; x_wconf 43' lang='grc' dir='ltr'>,ψάφιξιςπψήφισιῇ</span> <span class='ocrx_word' id='word_1_238' title='bbox 660 3641 750 3728; x_wconf 90' lang='lat' dir='ltr'><strong>Hyp,</strong></span> <span class='ocrx_word' id='word_1_239' title='bbox 771 3651 820 3708; x_wconf 82' lang='lat'><strong>45.</strong></span> <span class='ocrx_word' id='word_1_240' title='bbox 913 3705 916 3709; x_wconf 78' lang='grc'><em>,</em></span> 
     </span>
    </p>

    <p class='ocr_par' dir='ltr' id='par_1_11' title="bbox 162 3737 1255 3833">
     <span class='ocr_line' id='line_1_34' title="bbox 162 3737 1255 3833; baseline -0.008 -22"><span class='ocrx_word' id='word_1_241' title='bbox 162 3806 164 3811; x_wconf 77' lang='grc'><strong><em>,</em></strong></span> <span class='ocrx_word' id='word_1_242' title='bbox 190 3799 192 3805; x_wconf 71' lang='lat'><strong>,</strong></span> <span class='ocrx_word' id='word_1_243' title='bbox 233 3744 358 3833; x_wconf 81' lang='lat' dir='ltr'><strong>Aoristi</strong></span> <span class='ocrx_word' id='word_1_244' title='bbox 378 3743 412 3805; x_wconf 93' lang='lat' dir='ltr'><strong>in</strong></span> <span class='ocrx_word' id='word_1_245' title='bbox 433 3762 476 3802; x_wconf 86' lang='grc' dir='ltr'><strong>κα</strong></span> <span class='ocrx_word' id='word_1_246' title='bbox 497 3741 632 3826; x_wconf 89' lang='lat' dir='ltr'><strong>pluralis</strong></span> <span class='ocrx_word' id='word_1_247' title='bbox 656 3764 807 3806; x_wconf 87' lang='lat' dir='ltr'><strong>numerus</strong></span> <span class='ocrx_word' id='word_1_248' title='bbox 824 3743 1022 3825; x_wconf 84' lang='lat' dir='ltr'><strong>conspicitur</strong></span> <span class='ocrx_word' id='word_1_249' title='bbox 1037 3744 1071 3806; x_wconf 91' lang='lat' dir='ltr'><strong>in</strong></span> <span class='ocrx_word' id='word_1_250' title='bbox 1088 3737 1255 3808; x_wconf 80' lang='lat' dir='ltr'><strong>C.1.5769</strong></span> 
     </span>
    </p>
   </div>
   <div class='ocr_carea' id='block_1_10' title="bbox 219 3978 680 4078">
    <p class='ocr_par' dir='ltr' id='par_1_12' title="bbox 219 3978 680 4078">
     <span class='ocr_line' id='line_1_35' title="bbox 219 3978 680 4078; baseline -0.002 -19"><span class='ocrx_word' id='word_1_251' title='bbox 219 4015 264 4078; x_wconf 83' lang='lat'><strong>51)</strong></span> <span class='ocrx_word' id='word_1_252' title='bbox 282 3978 351 4076; x_wconf 86' lang='lat' dir='ltr'><strong>Cum</strong></span> <span class='ocrx_word' id='word_1_253' title='bbox 369 4023 421 4059; x_wconf 87' lang='lat' dir='ltr'><strong>rar.</strong></span> <span class='ocrx_word' id='word_1_254' title='bbox 440 4005 503 4058; x_wconf 89' lang='lat' dir='ltr'><strong>lect.</strong></span> <span class='ocrx_word' id='word_1_255' title='bbox 523 3999 680 4071; x_wconf 64' lang='lat' dir='ltr'><strong>dinarium,</strong></span> 
     </span>
    </p>
   </div>
   <div class='ocr_carea' id='block_1_11' title="bbox 0 0 1422 4784">
    <p class='ocr_par' dir='ltr' id='par_1_13' title="bbox 0 0 1422 4784">
     <span class='ocr_line' id='line_1_36' title="bbox 0 0 1422 4784; baseline 0 0"><span class='ocrx_word' id='word_1_256' title='bbox 0 0 1422 4784; x_wconf 95' lang='lat' dir='ltr'><strong> </strong></span> 
     </span>
    </p>
   </div>
  </div>
 </body>
</html>
