2836 4784
485 421 519 476 de
536 423 740 493 praepositione
760 422 846 495 παρά.
1197 435 1222 494 5

115 589 159 675 qui
187 588 288 652 nihilo
316 591 422 654 minus
451 589 535 654 hanc
564 590 757 677 aphaeresin
786 592 905 656 factam
929 616 1000 658 essc
1021 593 1218 659 contendunt

111 710 232 751 necesse
254 699 304 752 cst
326 711 364 753 ec
387 691 575 776 confugere,
609 699 645 754 ut
671 713 744 755 eam
767 691 833 755 iam
852 691 907 757 illo
929 702 1075 781 tempore
1097 695 1215 759 factam

111 809 172 850 esse
204 796 367 871 statuant,
402 812 465 876 quo
487 788 618 876 linguae
646 789 932 876 indogcrmanicae
962 793 1056 858 unius
1084 793 1216 880 linguae

109 886 227 950 vinculo
248 896 443 953 tenerentur.

183 985 278 1066 Quae
301 1008 374 1050 cum
395 987 442 1051 ita
472 1009 543 1052 esse
570 986 743 1052 videantur
773 1011 885 1054 eorum
907 990 1016 1077 potius
1037 992 1215 1058 sentcntiae

106 1084 283 1171 adstipulor
313 1086 368 1172 qui
396 1089 485 1170 paret
517 1096 549 1150 et
575 1088 836 1174 praepositiones
865 1099 1021 1173 cognatas
1043 1112 1085 1155 ex
1105 1089 1216 1157 radice

105 1184 225 1249 verbali
242 1207 309 1269 par
326 1183 485 1266 derivant,
509 1185 548 1249 ‹le
566 1188 801 1272 quasententia
816 1188 965 1275 equidem
977 1188 1215 1255 hocimmutcm

104 1294 134 1347 ut
164 1305 205 1348 ex
236 1283 347 1348 radice
366 1308 434 1368 por
462 1283 659 1370 adjectivum
676 1308 765 1368 paro
786 1288 944 1372 originem
964 1288 1097 1354 duxisse
1119 1299 1151 1354 ct
1172 1311 1214 1354 cx

98 1407 180 1467 pera
202 1382 384 1470 praefixum
400 1386 489 1467 perd
510 1393 568 1447 etc.
590 1382 764 1448 formatum
788 1407 859 1450 esse
878 1388 1080 1453 contendam.

179 1482 326 1547 Verbum
348 1494 453 1546 autem
470 1481 601 1567 pe'prartr‘
618 1505 690 1546 cum
712 1481 902 1569 traducere,
923 1499 1096 1575 penetrare
1118 1488 1214 1573 signi·

101 1581 181 1663 ficet,
195 1605 284 1666 para
304 1581 500 1646 intellectum
518 1583 567 1646 rei
585 1583 778 1665 remotioris,
800 1583 964 1651 ulterioris
977 1586 1085 1666 habet,
1104 1589 1158 1672 qui
1171 1586 1213 1651 ad

100 1681 252 1767 temporis
273 1681 432 1746 rationem
453 1680 630 1746 translatus
652 1681 693 1746 de
712 1691 857 1769 tempore
879 1694 936 1750 ant
957 1688 1133 1773 praeterito
1157 1697 1213 1751 aut

97 1781 203 1845 futuro
239 1779 427 1862 adhibetur,
459 1781 569 1868 itaque
600 1778 799 1866 adjectivum
828 1786 1024 1852 sanseritum
1049 1809 1136 1870 para
1157 1795 1215 1851 aut
1323 1812 1326 1817 ·

97 1881 307 1966 posteriorem
330 1888 386 1944 aut
406 1881 549 1966 priorem
570 1879 751 1966 significat,
781 1904 799 1946 e
825 1883 941 1968 quibus
969 1885 1212 1970 significationi·

96 1979 154 2044 bus
176 1978 235 2045 illa
255 1980 289 2044 in
311 1980 470 2044 sanserito
492 1979 640 2066 praefixo
659 1983 747 2064 perd
765 1980 817 2057 (cf.
833 1987 995 2066 parc-err
1016 1983 1133 2066 redire,
1150 2008 1211 2068 pa-

93 2080 180 2142 raka
205 2101 360 2164 peregre,
402 2077 525 2164 procul)
557 2077 638 2143 haec
679 2081 714 2144 in
744 2080 915 2166 particulis
948 2081 1091 2147 aendieis
1119 2085 1211 2149 inest

93 2179 136 2244 Et
155 2179 265 2244 forma
287 2176 417 2267 quidem
439 2178 692 2264 praepositionis
714 2172 808 2260 παρά
830 2178 872 2244 ad
895 2203 957 2246 scr.
969 2184 1059 2265 paret
1071 2191 1103 2245 et
1118 2180 1209 2248 zend.

89 2302 174 2363 para
203 2279 361 2364 pertinet,
392 2276 588 2364 significatio
610 2300 676 2342 non
695 2279 772 2342 item
779 2327 787 2360 ,
822 2289 858 2343 ut
876 2279 1015 2345 videtur.
1058 2280 1211 2344 Attamen

99 2378 158 2442 hoc
188 2376 362 2442 tenendum
397 2386 464 2459 est,
498 2377 531 2441 in
560 2377 790 2464 comparandis
819 2377 1116 2466 praepositionibus
1138 2378 1210 2465 plus

99 2477 232 2540 formam
264 2498 361 2562 quam
392 2474 591 2540 intellectum
620 2474 732 2541 valere
764 2476 901 2560 debere,
935 2479 1056 2565 qnippe
1089 2479 1145 2567 qui
1176 2478 1211 2543 in

97 2575 182 2640 hisce
203 2574 391 2658 vocabulis,
422 2595 505 2663 quae
527 2584 606 2662 apte
626 2598 697 2640 cum
719 2576 893 2641 nummulis
919 2578 1082 2658 conseras,
1106 2577 1209 2642 maxi·

95 2697 226 2762 mopere
253 2673 423 2757 volubilis,
453 2683 490 2738 ut
509 2676 556 2739 ita
577 2674 700 2758 dicam,
732 2685 764 2739 et
784 2673 913 2741 mobilis
936 2677 1001 2763 sit'
1019 2675 1064 2740 Et
1083 2674 1209 2741 Pettius

95 2773 155 2847 (Et.
176 2775 241 2839 pr
261 2773 278 2836 I
299 2777 373 2855 461)
403 2773 445 2838 de
474 2775 633 2860 primaria
665 2776 918 2862 praepositionis
955 2770 1046 2859 παρά
1079 2777 1210 2840 notione

96 2871 284 2959 disputans,
321 2873 482 2937 rationem
517 2875 603 2938 inter
633 2874 827 2939 sanseritam
860 2884 891 2939 et
927 2897 1080 2960 graecam
1109 2873 1208 2960 parti-

96 2971 200 3036 culam
212 2971 465 3037 intercedentem
479 2975 599 3059 optime
616 2974 663 3038 sic
680 2974 866 3060 descripsit:
884 2972 1211 3059 „Grundbcdeutung

95 3071 144 3134 liir
167 3071 216 3135 sk.
232 3073 322 3155 perd
341 3070 386 3134 ist
407 3069 459 3135 die
480 3070 790 3157 desAbgekehrten,
814 3072 861 3137 olt
874 3071 1134 3158 geradeaunach
1151 3071 1209 3137 der

96 3169 270 3234 Rickseite
296 3169 369 3244 hin3
398 3169 483 3235 nach
504 3171 631 3236 Lassen
660 3173 694 3236 in
722 3172 780 3236 der
801 3171 996 3258 Anthclogie
1023 3170 1102 3237 aber
1124 3171 1209 3236 latus

95 3291 224 3334 versus:
256 3271 432 3352 seitwttrts,
459 3281 605 3356 praeter,
643 3272 773 3354 vorbei3
807 3271 922 3335 mithin
950 3293 1011 3335 nur
1032 3272 1104 3335 eine
1126 3271 1208 3335 Aus-

31 3429 36 3436 .
97 3366 248 3454 bcugung
268 3367 353 3433 nach
375 3371 464 3434 einer
486 3369 544 3435 der
566 3369 683 3435 beiden
696 3369 825 3435 Seiten:
851 3369 1022 3450 hiuwitrts3
1044 3371 1104 3433 wie
1117 3364 1210 3449 παρά
1313 3369 1318 3376 ’

97 3465 252 3548 daneben,
275 3467 382 3532 rechts
404 3467 482 3535 oder
504 3469 620 3534 link's.“
661 3469 706 3534 Et
727 3467 909 3556 particulae
927 3478 1084 3552 cognatae
1101 3467 1208 3531 multis

97 3566 276 3631 rationibus
299 3567 437 3632 eundem
457 3591 553 3655 quem
576 3592 689 3655 praep.
712 3564 806 3652 παρά
834 3567 887 3633 vel
921 3569 1093 3633 finitimum
1114 3587 1206 3631 usum

97 3663 224 3731 habent.
248 3665 300 3741 (cf.
322 3665 414 3734 Ourt.
436 3665 536 3735 Grdz.
556 3668 568 3708 ²
592 3671 676 3748 243.)
