<?xml version="1.0" encoding="UTF-8"?>
<!DOCTYPE html PUBLIC "-//W3C//DTD XHTML 1.0 Transitional//EN"
    "http://www.w3.org/TR/xhtml1/DTD/xhtml1-transitional.dtd">
<html xmlns="http://www.w3.org/1999/xhtml" xml:lang="en" lang="en">
 <head>
  <title>
</title>
<meta http-equiv="Content-Type" content="text/html;charset=utf-8" />
  <meta name='ocr-system' content='tesseract 3.04.00' />
  <meta name='ocr-capabilities' content='ocr_page ocr_carea ocr_par ocr_line ocrx_word'/>
</head>
<body>
  <div class='ocr_page' id='page_1' title='image "./studienzurgriec03curtgoog_0228.png"; bbox 0 0 2836 4784; ppageno 0'>
   <div class='ocr_carea' id='block_1_1' title="bbox 568 130 580 161">
    <p class='ocr_par' dir='ltr' id='par_1_1' title="bbox 568 130 580 161">
     <span class='ocr_line' id='line_1_1' title="bbox 568 130 580 161; baseline 0 0"><span class='ocrx_word' id='word_1_1' title='bbox 568 130 580 161; x_wconf 62' lang='grc' dir='ltr'>ἱ</span> 
     </span>
    </p>
   </div>
   <div class='ocr_carea' id='block_1_2' title="bbox 400 353 1143 443">
    <p class='ocr_par' dir='ltr' id='par_1_2' title="bbox 400 353 1143 443">
     <span class='ocr_line' id='line_1_2' title="bbox 400 353 1143 443; baseline 0.011 -35"><span class='ocrx_word' id='word_1_2' title='bbox 400 353 434 408; x_wconf 91' lang='lat' dir='ltr'>de</span> <span class='ocrx_word' id='word_1_3' title='bbox 452 355 569 411; x_wconf 89' lang='lat' dir='ltr'>dialecto</span> <span class='ocrx_word' id='word_1_4' title='bbox 586 357 771 413; x_wconf 82' lang='lat' dir='ltr'><strong>Locrensium.</strong></span> <span class='ocrx_word' id='word_1_5' title='bbox 1083 365 1143 443; x_wconf 96' lang='grc'>209</span> 
     </span>
    </p>
   </div>
   <div class='ocr_carea' id='block_1_3' title="bbox 10 512 1163 2403">
    <p class='ocr_par' dir='ltr' id='par_1_3' title="bbox 10 512 1163 2403">
     <span class='ocr_line' id='line_1_3' title="bbox 58 512 1142 612; baseline -0.003 -18"><span class='ocrx_word' id='word_1_6' title='bbox 58 539 105 594; x_wconf 90' lang='lat' dir='ltr'>tem</span> <span class='ocrx_word' id='word_1_7' title='bbox 121 512 418 612; x_wconf 79' lang='lat' dir='ltr'>Epicnemidiorum</span> <span class='ocrx_word' id='word_1_8' title='bbox 440 526 554 591; x_wconf 87' lang='lat' dir='ltr'>urbem</span> <span class='ocrx_word' id='word_1_9' title='bbox 574 548 645 591; x_wconf 88' lang='lat' dir='ltr'>esse</span> <span class='ocrx_word' id='word_1_10' title='bbox 666 535 777 591; x_wconf 79' lang='lat' dir='ltr'>auctor</span> <span class='ocrx_word' id='word_1_11' title='bbox 799 535 847 590; x_wconf 91' lang='lat' dir='ltr'>est</span> <span class='ocrx_word' id='word_1_12' title='bbox 869 525 1053 612; x_wconf 80' lang='lat' dir='ltr'><strong>Stephanus</strong></span> <span class='ocrx_word' id='word_1_13' title='bbox 1075 526 1142 612; x_wconf 90' lang='lat' dir='ltr'>By·</span> 
     </span>
     <span class='ocr_line' id='line_1_4' title="bbox 59 618 1141 707; baseline -0.002 -14"><span class='ocrx_word' id='word_1_14' title='bbox 59 629 156 694; x_wconf 79' lang='lat' dir='ltr'>zantius</span> <span class='ocrx_word' id='word_1_15' title='bbox 178 650 202 691; x_wconf 90' lang='lat' dir='ltr'>s.</span> <span class='ocrx_word' id='word_1_16' title='bbox 226 650 257 691; x_wconf 90' lang='lat' dir='ltr'>v.</span> <span class='ocrx_word' id='word_1_17' title='bbox 275 618 434 702; x_wconf 84' lang='grc' dir='ltr'><em>’οπόεις,·</em></span> <span class='ocrx_word' id='word_1_18' title='bbox 464 625 551 690; x_wconf 88' lang='lat' dir='ltr'>haud</span> <span class='ocrx_word' id='word_1_19' title='bbox 574 649 666 690; x_wconf 91' lang='lat' dir='ltr'>secus</span> <span class='ocrx_word' id='word_1_20' title='bbox 688 625 811 689; x_wconf 81' lang='lat' dir='ltr'>Plinius</span> <span class='ocrx_word' id='word_1_21' title='bbox 838 625 922 690; x_wconf 93' lang='lat' dir='ltr'>Hist.</span> <span class='ocrx_word' id='word_1_22' title='bbox 945 626 1017 692; x_wconf 91' lang='lat' dir='ltr'>Nat.</span> <span class='ocrx_word' id='word_1_23' title='bbox 1041 632 1068 707; x_wconf 85' lang='grc'>4,</span> <span class='ocrx_word' id='word_1_24' title='bbox 1096 632 1141 706; x_wconf 94' lang='grc'>12,</span> 
     </span>
     <span class='ocr_line' id='line_1_5' title="bbox 60 724 1142 812; baseline -0.002 -20"><span class='ocrx_word' id='word_1_25' title='bbox 60 729 99 794; x_wconf 87' lang='lat' dir='ltr'>ubi</span> <span class='ocrx_word' id='word_1_26' title='bbox 122 728 176 791; x_wconf 88' lang='lat' dir='ltr'>ait:</span> <span class='ocrx_word' id='word_1_27' title='bbox 219 725 340 809; x_wconf 84' lang='lat' dir='ltr'>„Locri</span> <span class='ocrx_word' id='word_1_28' title='bbox 376 725 491 789; x_wconf 91' lang='lat' dir='ltr'>deinde</span> <span class='ocrx_word' id='word_1_29' title='bbox 517 725 736 812; x_wconf 87' lang='lat' dir='ltr'>Epicnemidii</span> <span class='ocrx_word' id='word_1_30' title='bbox 768 727 1038 810; x_wconf 79' lang='lat' dir='ltr'>cognominantur</span> <span class='ocrx_word' id='word_1_31' title='bbox 1066 724 1142 790; x_wconf 91' lang='lat' dir='ltr'>olim</span> 
     </span>
     <span class='ocr_line' id='line_1_6' title="bbox 61 824 1141 912; baseline -0.001 -21"><span class='ocrx_word' id='word_1_32' title='bbox 61 826 167 910; x_wconf 83' lang='lat' dir='ltr'>Leleges</span> <span class='ocrx_word' id='word_1_33' title='bbox 183 825 341 911; x_wconf 80' lang='lat' dir='ltr'>appellati</span> <span class='ocrx_word' id='word_1_34' title='bbox 355 848 413 911; x_wconf 88' lang='lat' dir='ltr'>per</span> <span class='ocrx_word' id='word_1_35' title='bbox 428 849 509 912; x_wconf 91' lang='lat' dir='ltr'>quos</span> <span class='ocrx_word' id='word_1_36' title='bbox 523 826 626 891; x_wconf 90' lang='lat' dir='ltr'>amnis</span> <span class='ocrx_word' id='word_1_37' title='bbox 643 824 820 911; x_wconf 82' lang='lat' dir='ltr'>Cephissus</span> <span class='ocrx_word' id='word_1_38' title='bbox 839 824 981 889; x_wconf 80' lang='lat' dir='ltr'>defertur</span> <span class='ocrx_word' id='word_1_39' title='bbox 995 827 1026 889; x_wconf 93' lang='lat' dir='ltr'>in</span> <span class='ocrx_word' id='word_1_40' title='bbox 1044 847 1141 891; x_wconf 86' lang='lat' dir='ltr'>mare.</span> 
     </span>
     <span class='ocr_line' id='line_1_7' title="bbox 62 924 1142 1011; baseline 0.001 -21"><span class='ocrx_word' id='word_1_41' title='bbox 62 924 178 1010; x_wconf 86' lang='lat' dir='ltr'>Oppida:</span> <span class='ocrx_word' id='word_1_42' title='bbox 210 924 321 1010; x_wconf 88' lang='lat' dir='ltr'>Opus,</span> <span class='ocrx_word' id='word_1_43' title='bbox 348 924 487 989; x_wconf 88' lang='lat' dir='ltr'>undeet</span> <span class='ocrx_word' id='word_1_44' title='bbox 514 926 602 989; x_wconf 91' lang='lat' dir='ltr'>sinus</span> <span class='ocrx_word' id='word_1_45' title='bbox 624 924 825 1011; x_wconf 91' lang='lat' dir='ltr'>Opuntinus,</span> <span class='ocrx_word' id='word_1_46' title='bbox 854 924 992 1010; x_wconf 75' lang='lat' dir='ltr'>Cynos.“</span> <span class='ocrx_word' id='word_1_47' title='bbox 1035 924 1142 991; x_wconf 86' lang='lat' dir='ltr'>Schol.</span> 
     </span>
     <span class='ocr_line' id='line_1_8' title="bbox 62 1015 1140 1109; baseline 0 -22"><span class='ocrx_word' id='word_1_48' title='bbox 62 1023 129 1090; x_wconf 85' lang='lat' dir='ltr'>Pind.</span> <span class='ocrx_word' id='word_1_49' title='bbox 148 1023 197 1089; x_wconf 90' lang='lat' dir='ltr'>Ol.</span> <span class='ocrx_word' id='word_1_50' title='bbox 219 1031 265 1106; x_wconf 89' lang='grc'>11,</span> <span class='ocrx_word' id='word_1_51' title='bbox 291 1030 343 1090; x_wconf 69' lang='lat' dir='ltr'>ta:</span> <span class='ocrx_word' id='word_1_52' title='bbox 366 1019 439 1109; x_wconf 78' lang='grc' dir='ltr'><em>γένη</em></span> <span class='ocrx_word' id='word_1_53' title='bbox 463 1021 523 1106; x_wconf 76' lang='grc' dir='ltr'>γὰρ</span> <span class='ocrx_word' id='word_1_54' title='bbox 543 1026 690 1108; x_wconf 82' lang='grc' dir='ltr'><em>Λοκρῶν</em></span> <span class='ocrx_word' id='word_1_55' title='bbox 711 1015 773 1085; x_wconf 82' lang='grc' dir='ltr'><em>εἰσι</em></span> <span class='ocrx_word' id='word_1_56' title='bbox 793 1017 877 1104; x_wconf 84' lang='grc' dir='ltr'><em>τρία,</em></span> <span class='ocrx_word' id='word_1_57' title='bbox 901 1017 1140 1109; x_wconf 78' lang='grc' dir='ltr'><em>Ἐπιζεφίριοι,</em></span> 
     </span>
     <span class='ocr_line' id='line_1_9' title="bbox 10 1114 1142 1217; baseline 0.003 -32"><span class='ocrx_word' id='word_1_58' title='bbox 10 1177 12 1217; x_wconf 69' lang='lat'>,</span> <span class='ocrx_word' id='word_1_59' title='bbox 60 1114 180 1200; x_wconf 79' lang='grc' dir='ltr'><strong><em>Ὀζόλαι,</em></strong></span> <span class='ocrx_word' id='word_1_60' title='bbox 210 1115 473 1208; x_wconf 80' lang='grc' dir='ltr'><em>Ἐπικνημίδιοι,</em></span> <span class='ocrx_word' id='word_1_61' title='bbox 508 1116 632 1186; x_wconf 79' lang='grc' dir='ltr'><em>τούτων</em></span> <span class='ocrx_word' id='word_1_62' title='bbox 666 1116 696 1185; x_wconf 79' lang='grc' dir='ltr'>οὶ</span> <span class='ocrx_word' id='word_1_63' title='bbox 731 1116 791 1201; x_wconf 77' lang='grc' dir='ltr'>μὲν</span> <span class='ocrx_word' id='word_1_64' title='bbox 820 1114 1050 1208; x_wconf 73' lang='grc' dir='ltr'><em>Ἐπιζεφδριοί</em></span> <span class='ocrx_word' id='word_1_65' title='bbox 1078 1117 1142 1188; x_wconf 82' lang='grc' dir='ltr'><em>εἱσι</em></span> 
     </span>
     <span class='ocr_line' id='line_1_10' title="bbox 10 1214 1139 1313; baseline 0.001 -28"><span class='ocrx_word' id='word_1_66' title='bbox 10 1287 13 1313; x_wconf 52' lang='grc' dir='ltr'>Ι</span> <span class='ocrx_word' id='word_1_67' title='bbox 61 1219 163 1302; x_wconf 88' lang='grc' dir='ltr'><em>Λοκροί</em></span> <span class='ocrx_word' id='word_1_68' title='bbox 186 1215 376 1309; x_wconf 77' lang='grc' dir='ltr'><em>ἑυἸταλίᾳ,</em></span> <span class='ocrx_word' id='word_1_69' title='bbox 408 1215 439 1286; x_wconf 77' lang='grc' dir='ltr'>οὶ</span> <span class='ocrx_word' id='word_1_70' title='bbox 467 1218 503 1286; x_wconf 81' lang='grc' dir='ltr'>δὲ</span> <span class='ocrx_word' id='word_1_71' title='bbox 523 1214 658 1300; x_wconf 82' lang='grc' dir='ltr'><em>Ὀζόλαι</em></span> <span class='ocrx_word' id='word_1_72' title='bbox 680 1219 765 1303; x_wconf 85' lang='grc' dir='ltr'><em>πρὸς</em></span> <span class='ocrx_word' id='word_1_73' title='bbox 786 1225 824 1309; x_wconf 71' lang='grc' dir='ltr'>τῇ</span> <span class='ocrx_word' id='word_1_74' title='bbox 848 1215 1019 1309; x_wconf 80' lang='grc' dir='ltr'><em>Αἰτωλίᾳ,</em></span> <span class='ocrx_word' id='word_1_75' title='bbox 1051 1216 1081 1286; x_wconf 80' lang='lat' dir='ltr'>oi</span> <span class='ocrx_word' id='word_1_76' title='bbox 1105 1215 1139 1286; x_wconf 76' lang='grc' dir='ltr'>δ’</span> 
     </span>
     <span class='ocr_line' id='line_1_11' title="bbox 10 1312 1141 1408; baseline 0.007 -26"><span class='ocrx_word' id='word_1_77' title='bbox 10 1316 12 1349; x_wconf 73' lang='lat'><em>÷</em></span> <span class='ocrx_word' id='word_1_78' title='bbox 59 1312 275 1407; x_wconf 78' lang='grc' dir='ltr'><em>Ἐπικνημίδιοι</em></span> <span class='ocrx_word' id='word_1_79' title='bbox 302 1319 387 1405; x_wconf 84' lang='grc' dir='ltr'><em>πρὸς</em></span> <span class='ocrx_word' id='word_1_80' title='bbox 408 1314 550 1408; x_wconf 72' lang='grc' dir='ltr'><em>Εὐβοίᾳ,</em></span> <span class='ocrx_word' id='word_1_81' title='bbox 584 1316 668 1385; x_wconf 76' lang='grc' dir='ltr'><em>ὅθεν</em></span> <span class='ocrx_word' id='word_1_82' title='bbox 695 1315 713 1385; x_wconf 83' lang='grc' dir='ltr'><em>ὃ</em></span> <span class='ocrx_word' id='word_1_83' title='bbox 742 1314 879 1398; x_wconf 81' lang='grc' dir='ltr'><em>Ὀϊλέως</em></span> <span class='ocrx_word' id='word_1_84' title='bbox 905 1314 1008 1398; x_wconf 78' lang='grc' dir='ltr'><em>Α’ίας.</em></span> <span class='ocrx_word' id='word_1_85' title='bbox 1050 1323 1141 1389; x_wconf 90' lang='lat' dir='ltr'>Idem</span> 
     </span>
     <span class='ocr_line' id='line_1_12' title="bbox 61 1415 1142 1505; baseline 0.003 -22"><span class='ocrx_word' id='word_1_86' title='bbox 61 1428 167 1486; x_wconf 86' lang='lat' dir='ltr'>testatur</span> <span class='ocrx_word' id='word_1_87' title='bbox 191 1421 298 1487; x_wconf 86' lang='lat' dir='ltr'>Schol.</span> <span class='ocrx_word' id='word_1_88' title='bbox 320 1423 357 1487; x_wconf 87' lang='lat' dir='ltr'>H.</span> <span class='ocrx_word' id='word_1_89' title='bbox 379 1426 417 1487; x_wconf 89' lang='lat' dir='ltr'>B.</span> <span class='ocrx_word' id='word_1_90' title='bbox 439 1429 514 1490; x_wconf 80' lang='lat'>527:</span> <span class='ocrx_word' id='word_1_91' title='bbox 537 1423 683 1505; x_wconf 78' lang='grc' dir='ltr'><em>Λοκρῶν</em></span> <span class='ocrx_word' id='word_1_92' title='bbox 706 1423 760 1484; x_wconf 81' lang='grc' dir='ltr'>νῦν</span> <span class='ocrx_word' id='word_1_93' title='bbox 779 1417 942 1503; x_wconf 77' lang='grc' dir='ltr'><em>μέμνηται</em></span> <span class='ocrx_word' id='word_1_94' title='bbox 964 1415 1142 1487; x_wconf 81' lang='grc' dir='ltr'><em>τώνἝπι-</em></span> 
     </span>
     <span class='ocr_line' id='line_1_13' title="bbox 62 1507 1141 1608; baseline 0.003 -27"><span class='ocrx_word' id='word_1_95' title='bbox 62 1514 212 1603; x_wconf 86' lang='grc' dir='ltr'><em>κνημιδίων</em></span> <span class='ocrx_word' id='word_1_96' title='bbox 233 1517 461 1603; x_wconf 80' lang='grc' dir='ltr'><em>καλουμένων·</em></span> <span class='ocrx_word' id='word_1_97' title='bbox 490 1507 582 1582; x_wconf 76' lang='grc' dir='ltr'><em>οὗτοι</em></span> <span class='ocrx_word' id='word_1_98' title='bbox 607 1516 665 1604; x_wconf 76' lang='grc' dir='ltr'>γὰρ</span> <span class='ocrx_word' id='word_1_99' title='bbox 688 1511 819 1602; x_wconf 76' lang='grc' dir='ltr'><em>ἀντικρὺ</em></span> <span class='ocrx_word' id='word_1_100' title='bbox 842 1523 899 1606; x_wconf 74' lang='grc' dir='ltr'>τῆς</span> <span class='ocrx_word' id='word_1_101' title='bbox 920 1515 1061 1603; x_wconf 70' lang='grc' dir='ltr'><em>Εὖβοίας</em></span> <span class='ocrx_word' id='word_1_102' title='bbox 1083 1519 1141 1608; x_wconf 79' lang='grc' dir='ltr'>τὴν</span> 
     </span>
     <span class='ocr_line' id='line_1_14' title="bbox 11 1608 1140 1711; baseline 0.005 -33"><span class='ocrx_word' id='word_1_103' title='bbox 11 1690 16 1711; x_wconf 42' lang='lat'><em>¹</em></span> <span class='ocrx_word' id='word_1_104' title='bbox 63 1609 161 1701; x_wconf 85' lang='grc' dir='ltr'><em>οίκηοιν</em></span> <span class='ocrx_word' id='word_1_105' title='bbox 181 1624 381 1706; x_wconf 77' lang='grc' dir='ltr'><em>πεποίηνται</em></span> <span class='ocrx_word' id='word_1_106' title='bbox 404 1614 433 1684; x_wconf 78' lang='lat' dir='ltr'>oi</span> <span class='ocrx_word' id='word_1_107' title='bbox 459 1615 523 1684; x_wconf 74' lang='grc' dir='ltr'>ὑπὸ</span> <span class='ocrx_word' id='word_1_108' title='bbox 541 1612 665 1684; x_wconf 76' lang='grc' dir='ltr'><em>Αἴαντι</em></span> <span class='ocrx_word' id='word_1_109' title='bbox 685 1608 789 1695; x_wconf 65' lang='lat' dir='ltr'>brasc·</span> <span class='ocrx_word' id='word_1_110' title='bbox 813 1612 876 1683; x_wconf 83' lang='grc' dir='ltr'><em>εἰσί</em></span> <span class='ocrx_word' id='word_1_111' title='bbox 899 1617 1012 1684; x_wconf 77' lang='grc' dir='ltr'><em>δὲκαὶ</em></span> <span class='ocrx_word' id='word_1_112' title='bbox 1034 1616 1140 1703; x_wconf 76' lang='grc' dir='ltr'><em>ἕτεροι</em></span> 
     </span>
     <span class='ocr_line' id='line_1_15' title="bbox 11 1713 1143 1803; baseline 0.005 -26"><span class='ocrx_word' id='word_1_113' title='bbox 11 1718 16 1777; x_wconf 77' lang='grc' dir='ltr'><em>ί</em></span> <span class='ocrx_word' id='word_1_114' title='bbox 62 1715 164 1800; x_wconf 87' lang='grc' dir='ltr'><em>Λοκροί</em></span> <span class='ocrx_word' id='word_1_115' title='bbox 192 1713 446 1803; x_wconf 76' lang='grc' dir='ltr'><em>ἐπικαλούμενοι</em></span> <span class='ocrx_word' id='word_1_116' title='bbox 472 1713 611 1799; x_wconf 81' lang='grc' dir='ltr'><em>Ὀζόλαι</em></span> <span class='ocrx_word' id='word_1_117' title='bbox 632 1770 762 1788; x_wconf 85' lang='grc'><strong><em>.....</em></strong></span> <span class='ocrx_word' id='word_1_118' title='bbox 782 1713 905 1782; x_wconf 78' lang='grc' dir='ltr'><em>τούτων</em></span> <span class='ocrx_word' id='word_1_119' title='bbox 935 1715 971 1783; x_wconf 80' lang='grc' dir='ltr'>δὲ</span> <span class='ocrx_word' id='word_1_120' title='bbox 1001 1713 1143 1783; x_wconf 82' lang='grc' dir='ltr'><em>δι’ποικοί</em></span> 
     </span>
     <span class='ocr_line' id='line_1_16' title="bbox 13 1807 1141 1909; baseline 0.009 -34"><span class='ocrx_word' id='word_1_121' title='bbox 13 1884 17 1909; x_wconf 32' lang='grc' dir='ltr'>,ί</span> <span class='ocrx_word' id='word_1_122' title='bbox 63 1807 121 1879; x_wconf 77' lang='lat' dir='ltr'>sicta</span> <span class='ocrx_word' id='word_1_123' title='bbox 134 1812 232 1901; x_wconf 65' lang='grc' dir='ltr'><em>ἕτερον</em></span> <span class='ocrx_word' id='word_1_124' title='bbox 247 1817 379 1902; x_wconf 88' lang='grc' dir='ltr'><em>Λοκροί</em></span> <span class='ocrx_word' id='word_1_125' title='bbox 402 1813 432 1883; x_wconf 78' lang='grc' dir='ltr'>οἱ</span> <span class='ocrx_word' id='word_1_126' title='bbox 453 1812 679 1903; x_wconf 74' lang='grc' dir='ltr'><em>Ἐπιζεφύριοι</em></span> <span class='ocrx_word' id='word_1_127' title='bbox 703 1812 911 1901; x_wconf 75' lang='grc' dir='ltr'><em>καλούμενοι,</em></span> <span class='ocrx_word' id='word_1_128' title='bbox 933 1831 1001 1902; x_wconf 78' lang='lat' dir='ltr'>etc,</span> <span class='ocrx_word' id='word_1_129' title='bbox 1025 1820 1141 1906; x_wconf 91' lang='lat' dir='ltr'>quibus</span> 
     </span>
     <span class='ocr_line' id='line_1_17' title="bbox 13 1911 1139 2003; baseline 0.004 -25"><span class='ocrx_word' id='word_1_130' title='bbox 13 1932 16 1941; x_wconf 86' lang='lat'>&#39;</span> <span class='ocrx_word' id='word_1_131' title='bbox 63 1921 190 1986; x_wconf 83' lang='lat' dir='ltr'>consentit</span> <span class='ocrx_word' id='word_1_132' title='bbox 211 1918 319 1986; x_wconf 81' lang='lat' dir='ltr'>Schol.</span> <span class='ocrx_word' id='word_1_133' title='bbox 342 1921 444 1986; x_wconf 86' lang='lat' dir='ltr'>Thuc.</span> <span class='ocrx_word' id='word_1_134' title='bbox 466 1919 516 1984; x_wconf 91' lang='grc' dir='ltr'>ΠΙ</span> <span class='ocrx_word' id='word_1_135' title='bbox 545 1926 600 1986; x_wconf 84' lang='lat'>89:</span> <span class='ocrx_word' id='word_1_136' title='bbox 628 1921 715 2000; x_wconf 82' lang='grc' dir='ltr'><em>τρεῖς</em></span> <span class='ocrx_word' id='word_1_137' title='bbox 735 1914 906 2002; x_wconf 77' lang='grc' dir='ltr'><em>Λοκρίδος</em></span> <span class='ocrx_word' id='word_1_138' title='bbox 932 1911 1028 1981; x_wconf 85' lang='grc' dir='ltr'><em>εἰσίν·</em></span> <span class='ocrx_word' id='word_1_139' title='bbox 1059 1915 1139 2003; x_wconf 78' lang='grc' dir='ltr'><em>αὕτη</em></span> 
     </span>
     <span class='ocr_line' id='line_1_18' title="bbox 62 2009 1163 2105; baseline 0.004 -29"><span class='ocrx_word' id='word_1_140' title='bbox 62 2033 85 2076; x_wconf 83' lang='grc' dir='ltr'>τε</span> <span class='ocrx_word' id='word_1_141' title='bbox 100 2009 114 2100; x_wconf 77' lang='grc' dir='ltr'><em>η</em></span> <span class='ocrx_word' id='word_1_142' title='bbox 130 2020 191 2081; x_wconf 81' lang='grc' dir='ltr'>των</span> <span class='ocrx_word' id='word_1_143' title='bbox 209 2009 433 2102; x_wconf 81' lang='grc' dir='ltr'><em>Ὀπουντίων,</em></span> <span class='ocrx_word' id='word_1_144' title='bbox 460 2015 516 2081; x_wconf 86' lang='grc' dir='ltr'><em>καί</em></span> <span class='ocrx_word' id='word_1_145' title='bbox 544 2012 562 2104; x_wconf 78' lang='grc' dir='ltr'>ἡ</span> <span class='ocrx_word' id='word_1_146' title='bbox 590 2020 656 2080; x_wconf 80' lang='grc' dir='ltr'>τῶν</span> <span class='ocrx_word' id='word_1_147' title='bbox 680 2009 930 2104; x_wconf 72' lang='grc' dir='ltr'><em>Ἐπιζεφυρίων,</em></span> <span class='ocrx_word' id='word_1_148' title='bbox 955 2015 1011 2082; x_wconf 89' lang='grc' dir='ltr'><em>καί</em></span> <span class='ocrx_word' id='word_1_149' title='bbox 1034 2013 1053 2105; x_wconf 78' lang='grc' dir='ltr'><em>η</em></span> <span class='ocrx_word' id='word_1_150' title='bbox 1075 2021 1163 2094; x_wconf 78' lang='grc' dir='ltr'>τῶνΙ</span> 
     </span>
     <span class='ocr_line' id='line_1_19' title="bbox 61 2101 1139 2205; baseline 0.006 -30"><span class='ocrx_word' id='word_1_151' title='bbox 61 2101 186 2191; x_wconf 77' lang='grc' dir='ltr'><em>Ὀζολῶν.</em></span> <span class='ocrx_word' id='word_1_152' title='bbox 227 2118 385 2204; x_wconf 82' lang='lat' dir='ltr'>Polybius</span> <span class='ocrx_word' id='word_1_153' title='bbox 417 2120 559 2205; x_wconf 89' lang='lat' dir='ltr'>insuper,</span> <span class='ocrx_word' id='word_1_154' title='bbox 587 2117 662 2190; x_wconf 87' lang='lat' dir='ltr'>XII,</span> <span class='ocrx_word' id='word_1_155' title='bbox 698 2125 729 2183; x_wconf 94' lang='grc'>11</span> <span class='ocrx_word' id='word_1_156' title='bbox 767 2118 878 2194; x_wconf 77' lang='lat' dir='ltr'>(Dino.</span> <span class='ocrx_word' id='word_1_157' title='bbox 904 2122 962 2200; x_wconf 88' lang='grc'><strong>12),</strong></span> <span class='ocrx_word' id='word_1_158' title='bbox 990 2125 1019 2200; x_wconf 90' lang='grc'><strong>2,</strong></span> <span class='ocrx_word' id='word_1_159' title='bbox 1059 2118 1139 2183; x_wconf 93' lang='lat' dir='ltr'>duas</span> 
     </span>
     <span class='ocr_line' id='line_1_20' title="bbox 62 2217 1140 2285; baseline 0.004 -6"><span class='ocrx_word' id='word_1_160' title='bbox 62 2219 155 2281; x_wconf 78' lang='lat' dir='ltr'>tuntum</span> <span class='ocrx_word' id='word_1_161' title='bbox 183 2219 218 2281; x_wconf 93' lang='lat' dir='ltr'>in</span> <span class='ocrx_word' id='word_1_162' title='bbox 245 2217 386 2284; x_wconf 77' lang='lat' dir='ltr'>Graecia</span> <span class='ocrx_word' id='word_1_163' title='bbox 418 2226 575 2285; x_wconf 90' lang='lat' dir='ltr'>memorat</span> <span class='ocrx_word' id='word_1_164' title='bbox 601 2218 768 2283; x_wconf 88' lang='lat' dir='ltr'>Locridas.</span> <span class='ocrx_word' id='word_1_165' title='bbox 819 2217 926 2282; x_wconf 84' lang='lat' dir='ltr'>Etiam</span> <span class='ocrx_word' id='word_1_166' title='bbox 952 2217 1140 2283; x_wconf 88' lang='lat' dir='ltr'>Herodotus</span> 
     </span>
     <span class='ocr_line' id='line_1_21' title="bbox 10 2310 1142 2403; baseline 0.006 -29"><span class='ocrx_word' id='word_1_167' title='bbox 10 2324 15 2397; x_wconf 60' lang='grc' dir='ltr'>ᾗ</span> <span class='ocrx_word' id='word_1_168' title='bbox 62 2310 99 2377; x_wconf 91' lang='lat' dir='ltr'>ubi</span> <span class='ocrx_word' id='word_1_169' title='bbox 114 2328 221 2383; x_wconf 87' lang='lat' dir='ltr'>narrat</span> <span class='ocrx_word' id='word_1_170' title='bbox 248 2317 334 2400; x_wconf 89' lang='lat' dir='ltr'>(VH,</span> <span class='ocrx_word' id='word_1_171' title='bbox 358 2322 429 2393; x_wconf 84' lang='grc'><strong>2113)</strong></span> <span class='ocrx_word' id='word_1_172' title='bbox 461 2317 690 2403; x_wconf 85' lang='lat' dir='ltr'>Thermopylis</span> <span class='ocrx_word' id='word_1_173' title='bbox 722 2316 865 2381; x_wconf 80' lang='lat' dir='ltr'>adfuisse</span> <span class='ocrx_word' id='word_1_174' title='bbox 886 2314 1044 2398; x_wconf 80' lang='grc' dir='ltr'><em>Λοκροὺς</em></span> <span class='ocrx_word' id='word_1_175' title='bbox 1064 2314 1142 2393; x_wconf 77' lang='grc' dir='ltr'><em>τοὺς</em></span> 
     </span>
    </p>
   </div>
   <div class='ocr_carea' id='block_1_4' title="bbox 10 2398 1142 2993">
    <p class='ocr_par' dir='ltr' id='par_1_4' title="bbox 10 2398 1142 2702">
     <span class='ocr_line' id='line_1_22' title="bbox 11 2398 1142 2503; baseline 0.009 -31"><span class='ocrx_word' id='word_1_176' title='bbox 11 2464 14 2473; x_wconf 94' lang='grc'>.</span> <span class='ocrx_word' id='word_1_177' title='bbox 60 2398 250 2492; x_wconf 80' lang='grc' dir='ltr'><em>Ὀπουντίους</em></span> <span class='ocrx_word' id='word_1_178' title='bbox 271 2419 475 2503; x_wconf 68' lang='grc' dir='ltr'><em>πανστρατιῇ</em></span> <span class='ocrx_word' id='word_1_179' title='bbox 497 2414 553 2480; x_wconf 86' lang='grc' dir='ltr'>καὶ</span> <span class='ocrx_word' id='word_1_180' title='bbox 582 2412 724 2480; x_wconf 79' lang='grc' dir='ltr'><em>Φωκέων</em></span> <span class='ocrx_word' id='word_1_181' title='bbox 744 2410 872 2492; x_wconf 83' lang='grc' dir='ltr'><em>χιλίους</em></span> <span class='ocrx_word' id='word_1_182' title='bbox 897 2419 955 2482; x_wconf 83' lang='lat' dir='ltr'>vix</span> <span class='ocrx_word' id='word_1_183' title='bbox 978 2416 1142 2503; x_wconf 86' lang='lat' dir='ltr'>cogitabat</span> 
     </span>
     <span class='ocr_line' id='line_1_23' title="bbox 10 2507 1140 2603; baseline 0.005 -28"><span class='ocrx_word' id='word_1_184' title='bbox 10 2508 15 2601; x_wconf 51' lang='grc' dir='ltr'>ἶ</span> <span class='ocrx_word' id='word_1_185' title='bbox 63 2507 234 2602; x_wconf 80' lang='lat' dir='ltr'>lsOpuntis</span> <span class='ocrx_word' id='word_1_186' title='bbox 257 2516 477 2581; x_wconf 88' lang='lat' dir='ltr'>tantummodo</span> <span class='ocrx_word' id='word_1_187' title='bbox 499 2516 630 2598; x_wconf 90' lang='lat' dir='ltr'>incolis,</span> <span class='ocrx_word' id='word_1_188' title='bbox 658 2539 756 2600; x_wconf 88' lang='lat' dir='ltr'>quum</span> <span class='ocrx_word' id='word_1_189' title='bbox 777 2514 879 2580; x_wconf 88' lang='lat' dir='ltr'>altera</span> <span class='ocrx_word' id='word_1_190' title='bbox 901 2517 1140 2603; x_wconf 79' lang='lat' dir='ltr'>Epicnemidio-</span> 
     </span>
     <span class='ocr_line' id='line_1_24' title="bbox 10 2618 579 2702; baseline -0.002 -23"><span class='ocrx_word' id='word_1_191' title='bbox 10 2670 12 2679; x_wconf 32' lang='grc' dir='ltr'><em>ι</em></span> <span class='ocrx_word' id='word_1_192' title='bbox 62 2629 108 2676; x_wconf 75' lang='lat' dir='ltr'>rum</span> <span class='ocrx_word' id='word_1_193' title='bbox 125 2638 200 2702; x_wconf 88' lang='lat' dir='ltr'>pars</span> <span class='ocrx_word' id='word_1_194' title='bbox 220 2625 310 2681; x_wconf 91' lang='lat' dir='ltr'>tanto</span> <span class='ocrx_word' id='word_1_195' title='bbox 332 2618 464 2702; x_wconf 89' lang='lat' dir='ltr'>propior</span> <span class='ocrx_word' id='word_1_196' title='bbox 486 2625 579 2681; x_wconf 88' lang='lat' dir='ltr'>esset.</span> 
     </span>
    </p>

    <p class='ocr_par' dir='ltr' id='par_1_5' title="bbox 10 2715 1140 2993">
     <span class='ocr_line' id='line_1_25' title="bbox 10 2715 1140 2801; baseline -0.001 -23"><span class='ocrx_word' id='word_1_197' title='bbox 10 2739 12 2778; x_wconf 78' lang='lat' dir='ltr'>t</span> <span class='ocrx_word' id='word_1_198' title='bbox 116 2716 269 2783; x_wconf 86' lang='lat' dir='ltr'>Videmus</span> <span class='ocrx_word' id='word_1_199' title='bbox 290 2717 390 2801; x_wconf 89' lang='lat' dir='ltr'>igitur</span> <span class='ocrx_word' id='word_1_200' title='bbox 409 2738 503 2780; x_wconf 88' lang='lat' dir='ltr'>usum</span> <span class='ocrx_word' id='word_1_201' title='bbox 526 2716 690 2780; x_wconf 90' lang='lat' dir='ltr'>nominum</span> <span class='ocrx_word' id='word_1_202' title='bbox 712 2715 817 2777; x_wconf 92' lang='lat' dir='ltr'>minus</span> <span class='ocrx_word' id='word_1_203' title='bbox 840 2736 910 2778; x_wconf 91' lang='lat' dir='ltr'>esse</span> <span class='ocrx_word' id='word_1_204' title='bbox 931 2723 1140 2796; x_wconf 85' lang='lat' dir='ltr'>constantem,</span> 
     </span>
     <span class='ocr_line' id='line_1_26' title="bbox 58 2807 1138 2900; baseline -0.002 -22"><span class='ocrx_word' id='word_1_205' title='bbox 58 2807 129 2882; x_wconf 82' lang='lat' dir='ltr'>inmo</span> <span class='ocrx_word' id='word_1_206' title='bbox 142 2817 268 2882; x_wconf 90' lang='lat' dir='ltr'>Locros</span> <span class='ocrx_word' id='word_1_207' title='bbox 290 2814 567 2900; x_wconf 86' lang='lat' dir='ltr'>septentrionales,</span> <span class='ocrx_word' id='word_1_208' title='bbox 590 2813 665 2878; x_wconf 90' lang='lat' dir='ltr'>licet</span> <span class='ocrx_word' id='word_1_209' title='bbox 686 2836 787 2899; x_wconf 90' lang='lat' dir='ltr'>parvo</span> <span class='ocrx_word' id='word_1_210' title='bbox 809 2813 979 2878; x_wconf 90' lang='lat' dir='ltr'>intervallo</span> <span class='ocrx_word' id='word_1_211' title='bbox 1001 2815 1034 2877; x_wconf 93' lang='lat' dir='ltr'>in</span> <span class='ocrx_word' id='word_1_212' title='bbox 1057 2813 1138 2877; x_wconf 90' lang='lat' dir='ltr'>duas</span> 
     </span>
     <span class='ocr_line' id='line_1_27' title="bbox 58 2913 1140 2993; baseline -0.002 -15"><span class='ocrx_word' id='word_1_213' title='bbox 58 2922 142 2992; x_wconf 77' lang='lat' dir='ltr'>partes</span> <span class='ocrx_word' id='word_1_214' title='bbox 163 2915 262 2980; x_wconf 87' lang='lat' dir='ltr'>divisi</span> <span class='ocrx_word' id='word_1_215' title='bbox 284 2924 400 2993; x_wconf 89' lang='lat' dir='ltr'>essent,</span> <span class='ocrx_word' id='word_1_216' title='bbox 422 2915 628 2979; x_wconf 91' lang='lat' dir='ltr'>nihilominus</span> <span class='ocrx_word' id='word_1_217' title='bbox 644 2913 788 2977; x_wconf 89' lang='lat' dir='ltr'>moribus</span> <span class='ocrx_word' id='word_1_218' title='bbox 811 2914 965 2976; x_wconf 88' lang='lat' dir='ltr'>institutis</span> <span class='ocrx_word' id='word_1_219' title='bbox 988 2915 1140 2977; x_wconf 88' lang='lat' dir='ltr'>societate</span> 
     </span>
    </p>
   </div>
   <div class='ocr_carea' id='block_1_5' title="bbox 54 3012 1148 4094">
    <p class='ocr_par' dir='ltr' id='par_1_6' title="bbox 54 3012 1148 4094">
     <span class='ocr_line' id='line_1_28' title="bbox 58 3012 1139 3100; baseline 0.001 -24"><span class='ocrx_word' id='word_1_220' title='bbox 58 3014 105 3076; x_wconf 71' lang='grc'><strong>11111</strong></span> <span class='ocrx_word' id='word_1_221' title='bbox 122 3025 190 3080; x_wconf 88' lang='lat' dir='ltr'>arte</span> <span class='ocrx_word' id='word_1_222' title='bbox 219 3016 302 3078; x_wconf 90' lang='lat' dir='ltr'>inter</span> <span class='ocrx_word' id='word_1_223' title='bbox 324 3037 359 3078; x_wconf 88' lang='lat' dir='ltr'>se</span> <span class='ocrx_word' id='word_1_224' title='bbox 388 3016 487 3078; x_wconf 86' lang='lat' dir='ltr'>fuisse</span> <span class='ocrx_word' id='word_1_225' title='bbox 517 3016 704 3100; x_wconf 88' lang='lat' dir='ltr'>conjunctos</span> <span class='ocrx_word' id='word_1_226' title='bbox 727 3023 761 3077; x_wconf 89' lang='lat' dir='ltr'>ut</span> <span class='ocrx_word' id='word_1_227' title='bbox 784 3036 841 3099; x_wconf 93' lang='lat' dir='ltr'>pro</span> <span class='ocrx_word' id='word_1_228' title='bbox 865 3036 926 3078; x_wconf 93' lang='lat' dir='ltr'>uno</span> <span class='ocrx_word' id='word_1_229' title='bbox 942 3012 1062 3099; x_wconf 93' lang='lat' dir='ltr'>populo</span> <span class='ocrx_word' id='word_1_230' title='bbox 1084 3012 1139 3077; x_wconf 89' lang='lat' dir='ltr'>ha·</span> 
     </span>
     <span class='ocr_line' id='line_1_29' title="bbox 56 3101 1139 3201; baseline 0.001 -30"><span class='ocrx_word' id='word_1_231' title='bbox 56 3101 180 3180; x_wconf 86' lang='lat' dir='ltr'>berentur</span> <span class='ocrx_word' id='word_1_232' title='bbox 203 3117 294 3201; x_wconf 88' lang='lat' dir='ltr'>cujus</span> <span class='ocrx_word' id='word_1_233' title='bbox 317 3125 416 3200; x_wconf 86' lang='lat' dir='ltr'>eaput</span> <span class='ocrx_word' id='word_1_234' title='bbox 439 3117 531 3199; x_wconf 81' lang='lat' dir='ltr'>Opus</span> <span class='ocrx_word' id='word_1_235' title='bbox 554 3107 584 3198; x_wconf 74' lang='grc' dir='ltr'>(ἡ</span> <span class='ocrx_word' id='word_1_236' title='bbox 606 3115 670 3174; x_wconf 84' lang='grc' dir='ltr'>τῶν</span> <span class='ocrx_word' id='word_1_237' title='bbox 688 3114 836 3195; x_wconf 84' lang='grc' dir='ltr'><em>Λοκρῶν</em></span> <span class='ocrx_word' id='word_1_238' title='bbox 856 3106 1060 3197; x_wconf 86' lang='grc' dir='ltr'><em>μητρόπολις</em></span> <span class='ocrx_word' id='word_1_239' title='bbox 1074 3113 1139 3174; x_wconf 78' lang='grc' dir='ltr'>τῶν</span> 
     </span>
     <span class='ocr_line' id='line_1_30' title="bbox 55 3191 1141 3300; baseline 0.004 -28"><span class='ocrx_word' id='word_1_240' title='bbox 55 3191 297 3300; x_wconf 74' lang='grc' dir='ltr'><em>Ἐπικνημιδίων,</em></span> <span class='ocrx_word' id='word_1_241' title='bbox 323 3213 429 3278; x_wconf 82' lang='lat' dir='ltr'>Strab.</span> <span class='ocrx_word' id='word_1_242' title='bbox 450 3218 521 3290; x_wconf 84' lang='grc'><strong>416)</strong></span> <span class='ocrx_word' id='word_1_243' title='bbox 544 3224 642 3277; x_wconf 89' lang='lat' dir='ltr'>esset:</span> <span class='ocrx_word' id='word_1_244' title='bbox 664 3214 710 3276; x_wconf 87' lang='lat' dir='ltr'>ita</span> <span class='ocrx_word' id='word_1_245' title='bbox 732 3213 802 3277; x_wconf 90' lang='lat' dir='ltr'>fieri</span> <span class='ocrx_word' id='word_1_246' title='bbox 823 3223 858 3277; x_wconf 93' lang='lat' dir='ltr'>ut</span> <span class='ocrx_word' id='word_1_247' title='bbox 877 3211 973 3278; x_wconf 91' lang='lat' dir='ltr'>modo</span> <span class='ocrx_word' id='word_1_248' title='bbox 989 3213 1141 3276; x_wconf 88' lang='lat' dir='ltr'>universa</span> 
     </span>
     <span class='ocr_line' id='line_1_31' title="bbox 57 3311 1140 3399; baseline 0.003 -26"><span class='ocrx_word' id='word_1_249' title='bbox 57 3324 117 3385; x_wconf 77' lang='lat' dir='ltr'>gens</span> <span class='ocrx_word' id='word_1_250' title='bbox 135 3315 185 3378; x_wconf 90' lang='lat' dir='ltr'>vel</span> <span class='ocrx_word' id='word_1_251' title='bbox 206 3313 425 3399; x_wconf 85' lang='lat' dir='ltr'>Epicnemidii</span> <span class='ocrx_word' id='word_1_252' title='bbox 447 3311 498 3376; x_wconf 91' lang='lat' dir='ltr'>vel</span> <span class='ocrx_word' id='word_1_253' title='bbox 520 3311 656 3398; x_wconf 88' lang='lat' dir='ltr'>Opuntii</span> <span class='ocrx_word' id='word_1_254' title='bbox 677 3313 874 3394; x_wconf 86' lang='lat' dir='ltr'>nominetur,</span> <span class='ocrx_word' id='word_1_255' title='bbox 896 3312 1005 3394; x_wconf 91' lang='lat' dir='ltr'>modo,</span> <span class='ocrx_word' id='word_1_256' title='bbox 1029 3312 1140 3376; x_wconf 91' lang='lat' dir='ltr'>discri-</span> 
     </span>
     <span class='ocr_line' id='line_1_32' title="bbox 56 3405 1140 3499; baseline 0.005 -27"><span class='ocrx_word' id='word_1_257' title='bbox 56 3405 123 3475; x_wconf 79' lang='lat' dir='ltr'>mine</span> <span class='ocrx_word' id='word_1_258' title='bbox 141 3414 280 3479; x_wconf 90' lang='lat' dir='ltr'>nominis</span> <span class='ocrx_word' id='word_1_259' title='bbox 301 3422 434 3499; x_wconf 88' lang='lat' dir='ltr'>propter</span> <span class='ocrx_word' id='word_1_260' title='bbox 458 3436 571 3496; x_wconf 78' lang='lat' dir='ltr'>agrurn</span> <span class='ocrx_word' id='word_1_261' title='bbox 593 3411 787 3499; x_wconf 91' lang='lat' dir='ltr'>diremptum</span> <span class='ocrx_word' id='word_1_262' title='bbox 808 3412 911 3494; x_wconf 88' lang='lat' dir='ltr'>facto,</span> <span class='ocrx_word' id='word_1_263' title='bbox 940 3414 970 3476; x_wconf 90' lang='lat' dir='ltr'>ei</span> <span class='ocrx_word' id='word_1_264' title='bbox 993 3413 1047 3498; x_wconf 90' lang='lat' dir='ltr'>qui</span> <span class='ocrx_word' id='word_1_265' title='bbox 1067 3435 1140 3497; x_wconf 93' lang='lat' dir='ltr'>pro·</span> 
     </span>
     <span class='ocr_line' id='line_1_33' title="bbox 56 3502 1138 3598; baseline -0.01 -17"><span class='ocrx_word' id='word_1_266' title='bbox 56 3503 110 3581; x_wconf 72' lang='lat' dir='ltr'>lius</span> <span class='ocrx_word' id='word_1_267' title='bbox 129 3522 268 3581; x_wconf 87' lang='lat' dir='ltr'>montem</span> <span class='ocrx_word' id='word_1_268' title='bbox 286 3511 476 3578; x_wconf 66' lang='lat' dir='ltr'>⁴Cnemidem</span> <span class='ocrx_word' id='word_1_269' title='bbox 500 3511 684 3576; x_wconf 90' lang='lat' dir='ltr'>incolebant</span> <span class='ocrx_word' id='word_1_270' title='bbox 696 3512 914 3598; x_wconf 81' lang='lat' dir='ltr'>Epicnemidii</span> <span class='ocrx_word' id='word_1_271' title='bbox 931 3502 997 3573; x_wconf 82' lang='grc' dir='ltr'><em>κατ’</em></span> <span class='ocrx_word' id='word_1_272' title='bbox 1017 3504 1138 3596; x_wconf 79' lang='grc' dir='ltr'>ἐξυχην,</span> 
     </span>
     <span class='ocr_line' id='line_1_34' title="bbox 57 3611 1139 3699; baseline 0.006 -31"><span class='ocrx_word' id='word_1_273' title='bbox 57 3611 133 3673; x_wconf 76' lang='lat' dir='ltr'>ceteri</span> <span class='ocrx_word' id='word_1_274' title='bbox 159 3613 296 3699; x_wconf 87' lang='lat' dir='ltr'>Opuntii</span> <span class='ocrx_word' id='word_1_275' title='bbox 321 3621 486 3676; x_wconf 86' lang='lat' dir='ltr'>vocentur.</span> <span class='ocrx_word' id='word_1_276' title='bbox 537 3611 710 3697; x_wconf 86' lang='lat' dir='ltr'>Aliquanto</span> <span class='ocrx_word' id='word_1_277' title='bbox 747 3613 900 3674; x_wconf 88' lang='lat' dir='ltr'>incertior</span> <span class='ocrx_word' id='word_1_278' title='bbox 927 3618 1034 3674; x_wconf 89' lang='lat' dir='ltr'>manet</span> <span class='ocrx_word' id='word_1_279' title='bbox 1064 3633 1139 3674; x_wconf 91' lang='lat' dir='ltr'>usus</span> 
     </span>
     <span class='ocr_line' id='line_1_35' title="bbox 55 3708 1140 3797; baseline 0.003 -28"><span class='ocrx_word' id='word_1_280' title='bbox 55 3710 170 3774; x_wconf 78' lang='lat' dir='ltr'>nominis</span> <span class='ocrx_word' id='word_1_281' title='bbox 187 3711 532 3797; x_wconf 88' lang='lat' dir='ltr'>Hypocnemidiorum,</span> <span class='ocrx_word' id='word_1_282' title='bbox 557 3734 638 3796; x_wconf 89' lang='lat' dir='ltr'>quos</span> <span class='ocrx_word' id='word_1_283' title='bbox 657 3711 786 3775; x_wconf 92' lang='lat' dir='ltr'>eosdem</span> <span class='ocrx_word' id='word_1_284' title='bbox 803 3711 907 3778; x_wconf 37' lang='lat' dir='ltr'>fuisse,</span> <span class='ocrx_word' id='word_1_285' title='bbox 918 3719 1014 3794; x_wconf 88' lang='lat' dir='ltr'>atque</span> <span class='ocrx_word' id='word_1_286' title='bbox 1029 3708 1140 3794; x_wconf 90' lang='lat' dir='ltr'>Opun-</span> 
     </span>
     <span class='ocr_line' id='line_1_36' title="bbox 55 3794 1140 3895; baseline -0.002 -22"><span class='ocrx_word' id='word_1_287' title='bbox 55 3794 102 3863; x_wconf 73' lang='lat' dir='ltr'>ties</span> <span class='ocrx_word' id='word_1_288' title='bbox 121 3810 215 3874; x_wconf 89' lang='lat' dir='ltr'>nolim</span> <span class='ocrx_word' id='word_1_289' title='bbox 237 3832 311 3875; x_wconf 88' lang='lat' dir='ltr'>cum</span> <span class='ocrx_word' id='word_1_290' title='bbox 333 3810 554 3876; x_wconf 87' lang='lat' dir='ltr'>Oeconomida</span> <span class='ocrx_word' id='word_1_291' title='bbox 575 3812 631 3895; x_wconf 90' lang='lat' dir='ltr'>qui</span> <span class='ocrx_word' id='word_1_292' title='bbox 661 3809 762 3873; x_wconf 89' lang='lat' dir='ltr'>edidit</span> <span class='ocrx_word' id='word_1_293' title='bbox 783 3808 922 3889; x_wconf 89' lang='lat' dir='ltr'>titulum,</span> <span class='ocrx_word' id='word_1_294' title='bbox 944 3801 1140 3872; x_wconf 78' lang='lat' dir='ltr'>confidenter</span> 
     </span>
     <span class='ocr_line' id='line_1_37' title="bbox 56 3894 1148 3995; baseline -0.004 -24"><span class='ocrx_word' id='word_1_295' title='bbox 56 3894 205 3973; x_wconf 72' lang='lat' dir='ltr'>affirmare.</span> <span class='ocrx_word' id='word_1_296' title='bbox 249 3908 285 3973; x_wconf 80' lang='lat' dir='ltr'>Si</span> <span class='ocrx_word' id='word_1_297' title='bbox 306 3919 392 3973; x_wconf 88' lang='lat' dir='ltr'>totus</span> <span class='ocrx_word' id='word_1_298' title='bbox 414 3907 549 3975; x_wconf 92' lang='lat' dir='ltr'>eandem</span> <span class='ocrx_word' id='word_1_299' title='bbox 580 3908 718 3995; x_wconf 91' lang='lat' dir='ltr'>populus</span> <span class='ocrx_word' id='word_1_300' title='bbox 748 3908 789 3972; x_wconf 89' lang='lat' dir='ltr'>ab</span> <span class='ocrx_word' id='word_1_301' title='bbox 819 3931 881 3973; x_wconf 89' lang='lat' dir='ltr'>uno</span> <span class='ocrx_word' id='word_1_302' title='bbox 905 3916 1010 3970; x_wconf 91' lang='lat' dir='ltr'>monte</span> <span class='ocrx_word' id='word_1_303' title='bbox 1032 3905 1148 3991; x_wconf 82' lang='lat' dir='ltr'>appel.</span> 
     </span>
     <span class='ocr_line' id='line_1_38' title="bbox 54 3985 1139 4094; baseline 0.006 -28"><span class='ocrx_word' id='word_1_304' title='bbox 54 3985 184 4073; x_wconf 73' lang='lat' dir='ltr'>lationem</span> <span class='ocrx_word' id='word_1_305' title='bbox 206 4007 310 4092; x_wconf 86' lang='lat' dir='ltr'>duxit,</span> <span class='ocrx_word' id='word_1_306' title='bbox 332 4008 376 4072; x_wconf 93' lang='lat' dir='ltr'>nil</span> <span class='ocrx_word' id='word_1_307' title='bbox 399 4010 531 4072; x_wconf 90' lang='lat' dir='ltr'>mirum:</span> <span class='ocrx_word' id='word_1_308' title='bbox 555 4017 588 4072; x_wconf 91' lang='lat' dir='ltr'>at</span> <span class='ocrx_word' id='word_1_309' title='bbox 608 4010 714 4074; x_wconf 88' lang='lat' dir='ltr'>minus</span> <span class='ocrx_word' id='word_1_310' title='bbox 734 4006 904 4094; x_wconf 83' lang='lat' dir='ltr'>probabile</span> <span class='ocrx_word' id='word_1_311' title='bbox 917 4029 1015 4072; x_wconf 88' lang='lat' dir='ltr'>unam</span> <span class='ocrx_word' id='word_1_312' title='bbox 1026 4006 1139 4092; x_wconf 85' lang='lat' dir='ltr'>populi</span> 
     </span>
    </p>
   </div>
   <div class='ocr_carea' id='block_1_6' title="bbox 0 0 1422 4784">
    <p class='ocr_par' dir='ltr' id='par_1_7' title="bbox 0 0 1422 4784">
     <span class='ocr_line' id='line_1_39' title="bbox 0 0 1422 4784; baseline 0 0"><span class='ocrx_word' id='word_1_313' title='bbox 0 0 1422 4784; x_wconf 95' lang='lat' dir='ltr'> </span> 
     </span>
    </p>
   </div>
  </div>
 </body>
</html>
