2836 4784
490 400 524 457 dc
542 401 659 458 dialecto
675 400 862 459 Locrensium.
1169 409 1228 472 2⁶23

150 563 194 633 let
211 570 384 636 intercedit.
427 571 558 636 Vocalis
579 571 752 635 admodum
776 582 900 635 mature
925 569 1065 633 emollita
1087 580 1150 650 est,
1180 571 1226 633 in·

150 671 256 735 selentia
277 672 361 735 enim
385 661 450 732 tint
471 663 527 732 clvi
554 680 644 752 sunt,
677 665 745 749 πάρ
778 684 849 757 (pro
872 670 975 750 τιαρί)
1006 669 1137 732 exhibet
1167 693 1230 731 uua

149 770 233 834 tabula
250 770 341 835 Elea.
373 768 496 835 Contra
519 761 593 832 ἄντί
613 771 664 846 (cf.
681 761 775 846 ὄντα)
798 792 925 854 semper
946 770 1100 832 intactum
1121 793 1142 829 u
1165 790 1229 832 ser·

149 871 221 934 ravit.

209 969 353 1034 Ceterum
376 968 455 1032 nihil
477 968 640 1054 singulare
669 967 709 1031 de
731 988 746 1029 ε
768 967 944 1031 notandum
968 976 1025 1042 est,
1047 989 1121 1029 nam
1145 966 1231 1052 quod

148 1066 220 1132 radix
239 1060 279 1150 ἆρ
299 1060 426 1151 (alodo)
449 1069 543 1133 simul
563 1090 602 1132 ac
624 1090 642 1148 ρ
666 1068 698 1130 in
721 1064 739 1127 λ
760 1069 858 1130 vertit
872 1069 968 1130 etiam
984 1063 1129 1130 vocalem
1145 1064 1231 1142 (licet

149 1159 177 1226 dl
193 1175 291 1231 exstet
311 1166 345 1231 in
361 1169 447 1234 Oret.
462 1159 629 1254 ἆφαιλέω)
650 1175 803 1247 attenuat,
826 1164 860 1228 id
875 1187 945 1228 cum
963 1165 1091 1250 vulgari
1106 1166 1231 1229 ratione

149 1266 310 1332 concordat:

102 1410 107 1423 ι
208 1371 232 1432 3.
274 1363 449 1430 Ovocalis
479 1387 538 1429 usu
567 1364 746 1428 Locrenses
779 1386 798 1426 a
828 1362 956 1449 vulgari
983 1362 1137 1427 Dorisrno
1167 1386 1232 1427 non

102 1496 105 1535 ᾗ
149 1462 279 1531 decedere
301 1465 461 1548 videntur,
483 1487 586 1551 neque
611 1463 652 1528 ab
673 1462 806 1527 Atthide
828 1464 890 1526 nisi
912 1465 943 1526 in
962 1457 1118 1543 Κοθαρία
1131 1463 1232 1550 (Hyp.

102 1566 104 1613 ἱ
150 1567 184 1644 22,
200 1571 247 1643 27)
267 1566 397 1629 nominc
417 1564 519 1646 urhis,
546 1573 577 1628 et
596 1559 734 1643 τέτορες.
776 1561 860 1626 lllud
883 1566 910 1625 si
932 1570 1020 1625 recte
1042 1562 1232 1626 Oeconomi-

102 1718 104 1725 .
150 1661 190 1726 des
207 1665 245 1729 ab
268 1665 430 1752 adjectivo
452 1660 606 1744 καθαρός
634 1662 779 1743 deducit,
808 1661 999 1725 trahendum
1027 1670 1076 1726 est
1102 1661 1144 1726 ad
1175 1683 1235 1725 ao·

102 1798 105 1809 ·
150 1759 243 1847 dooo'g,
265 1756 506 1845 ἅνκοθαρίοντι
519 1765 552 1826 in
579 1763 643 1827 tab.
667 1761 808 1843 Heracl,
831 1761 1024 1847 quibuscum
1040 1761 1233 1826 conferenda

102 1900 106 1919 .-
151 1859 289 1928 headica
311 1856 447 1926 δεκάταν
468 1872 500 1928 et
520 1855 733 1943 iamdudum,
760 1861 795 1926 O.
818 1861 841 1924 I.
868 1867 954 1942 2523,
976 1882 1100 1924 necnon
1122 1860 1233 1946 vulga·

101 1992 106 2045 ξ
151 1961 186 2023 ria
202 1956 318 2047 εἴκοσι,
347 1958 525 2032 διακόσιοι.
566 1962 726 2027 Ahrensio
757 1983 798 2024 ex
827 1959 993 2023 Sanscrita
1021 1959 1131 2024 radice
1152 1958 1235 2043 qudh

101 2030 108 2181 2
154 2059 290 2148 colligenti
323 2056 474 2146 κοθαρός
512 2064 674 2146 antiquius
715 2082 786 2125 csse
826 2081 921 2146 quam
959 2053 1109 2139 καθαρός
1141 2059 1234 2132 (Dor.

101 2168 375 2246 :1ng.120)non
397 2185 528 2249 possum
551 2160 716 2226 assentiri.
739 2160 905 2246 conspirat
925 2182 997 2224 cum
1013 2157 1141 2223 Graeca
1155 2181 1235 2224 voce
1321 2231 1324 2238 ¹

101 2294 104 2321 ι
159 2254 208 2324 hat.
227 2274 348 2326 cuam:
369 2272 424 2326 aut
445 2260 597 2326 vocalis
588 2285 622 2325 m
638 2259 767 2325 Sanscr.
789 2258 887 2323 rad.
879 2281 952 2344 ipsa
973 2256 1115 2323 emollita
1139 2270 1188 2321 est
1202 2268 1237 2322 ut

101 2384 106 2424 ε
158 2355 273 2445 hilerd,
297 2372 352 2427 aut
372 2383 447 2427 cum
468 2360 602 2446 Benfejo
626 2358 848 2446 accipiendum
866 2365 914 2421 cst
932 2356 1036 2420 kvadh
1052 2379 1112 2444 pro
1127 2359 1237 2444 prisca

101 2486 109 2524 s
160 2456 251 2525 radicis
273 2463 391 2548 specie.
424 2460 516 2524 Haec
530 2459 659 2547 quidem
675 2460 801 2524 fuscum
816 2457 937 2521 vocalis
957 2457 1095 2522 colorem
1119 2457 1238 2522 debere

101 2582 111 2622 t
163 2555 281 2627 utentur
307 2582 468 2625 consonae
494 2559 671 2645 gutturalif
699 2560 734 2622 in
759 2553 889 2636 τέτορες
919 2568 1036 2638 autem,
1069 2556 1156 2644 quod
1190 2566 1239 2622 est

101 2684 113 2723 ι
162 2656 300 2725 universae
326 2659 479 2741 Doridis,
512 2658 578 2723 vim
613 2658 689 2722 licet
716 2679 906 2742 agnoscere,
939 2659 1135 2743 comparatis
1164 2657 1237 2721 Lat.

101 2763 115 2823 'a
163 2769 280 2843 want,
303 2759 399 2825 Goth.
423 2756 788 2844 fidvdr‚praecede11tis
822 2757 847 2818 F
871 2779 934 2820 non
965 2756 1142 2820 assimilati.
1183 2754 1239 2820 Sic

163 2851 279 2923 exhiberi
300 2869 436 2946 possunt
455 2856 606 2922 vocabuli
629 2858 821 2922 mutationes
840 2853 953 2919 tabula
974 2854 1209 2942 hujuscemodi:
