2836 4784
813 392 876 448 Rau

796 646 889 723 §¹7·
1369 720 1370 724 ,

365 759 492 839 Quibus
516 760 675 845 expositis
704 767 739 823 ut
766 757 862 823 finem
883 758 959 823 huic
979 758 1211 846 disputationis
1235 763 1321 847 parti
1339 764 1390 826 im·

280 881 438 945 ponamus
475 867 639 945 postremo
667 857 708 922 de
738 858 944 943 neglegentia
972 858 1131 943 quadam,
1162 861 1391 926 recentioribus

282 958 494 1043 scriptoribus
517 959 667 1044 propria,
695 955 868 1021 dicendum
895 957 1131 1040 videturesse,
1160 961 1216 1045 qui
1240 959 1390 1024 derebus

282 1078 366 1143 quae
386 1057 422 1120 ι’νι
443 1057 552 1144 aliquo
578 1055 650 1120 loco
677 1057 806 1120 versari
827 1055 985 1120 dicendae
1007 1066 1101 1120 erant
1121 1060 1388 1145 praepositionem

281 1149 374 1237 παρά
398 1179 425 1219 c.
446 1155 511 1220 dat.
534 1165 783 1241 usurpaverunt.

280 1327 281 1330 Ἴ
365 1253 448 1319 Cum
476 1254 565 1341 apud
593 1254 719 1318 Atticos
750 1254 923 1339 scriptores
943 1253 1066 1319 nullum
1088 1257 1158 1320 eius
1180 1257 1270 1322 modi
1293 1279 1388 1321 exem-

282 1354 373 1440 plum
387 1356 600 1439 reppererim,
622 1375 726 1437 neque
741 1361 871 1417 exstare
886 1353 1063 1418 verisimile
1078 1356 1129 1437 sit,
1143 1354 1252 1421 locum
1268 1354 1387 1420 Cratini

282 1453 396 1517 comici
420 1451 528 1527 (Mein.
549 1452 580 1516 H
604 1460 630 1534 1,
657 1460 727 1531 146)
760 1448 853 1535 παρὰ
883 1449 974 1533 χερσὶ
1007 1449 1044 1516 δὲ
1075 1451 1182 1539 μῆλον
1212 1449 1299 1532 ἔχων
1326 1476 1388 1519 cum

281 1550 446 1615 Meinekio
459 1553 493 1614 in
507 1547 591 1630 μετὰ
607 1547 699 1634 χερσί
713 1560 772 1616 etc.
792 1551 1021 1637 corrigendum
1035 1555 1231 1640 putaverim.
1253 1554 1387 1619 Maxime

282 1658 398 1737 poetae
422 1651 507 1735 epici
528 1652 724 1715 recentiores
751 1649 831 1714 talia
853 1651 1003 1736 exempla
1024 1651 1184 1738 praebent
1203 1653 1293 1719 velut
1314 1653 1387 1717 Non·

280 1772 356 1813 nus:
379 1740 514 1834 ἑσπερίη
535 1746 627 1831 παρὰ
650 1743 747 1835 λίμνη
769 1741 860 1827 ἴχνος
881 1742 1022 1812 ἔλουσαν
1040 1751 1226 1817 XXXVIII
1243 1758 1302 1821 408
1318 1741 1384 1832 παρ’

279 1840 446 1911 Ἀσωποῖο
477 1843 632 1930 ῥεέθροις
665 1844 828 1934 λουομένη
860 1849 904 1914 id.
930 1848 995 1913 VII
1023 1855 1082 1917 180
1116 1842 1273 1932 ἀνέμοισι
1306 1846 1385 1936 νεαρὰ

284 1944 394 2033 δάφνη
418 1939 538 2008 σείετο·
556 1942 666 2031 φύλλα
694 1948 737 2012 id.
759 1948 810 2013 III
835 1956 902 2031 147,
933 1947 991 2013 sed
1018 1950 1123 2035 ipsius
1152 1950 1239 2015 lauri
1267 1949 1386 2016 frondes

282 2050 389 2112 ventis
411 2047 640 2112 movebantur:
662 2044 754 2130 παρὰ
771 2041 894 2110 θοιιίδι
908 2044 998 2135 ληνῷ
1020 2041 1140 2131 βότρνς
1161 2048 1279 2112 ποδῶν
1300 2041 1385 2112 ἐθλί-

283 2150 360 2229 davo
394 2143 518 2229 παλμηί
546 2144 595 2210 id.
621 2146 639 2210 I
668 2152 707 2214 32
740 2141 848 2232 πήξας
880 2143 973 2229 παρὰ
1001 2144 1102 2226 χθονί
1135 2145 1281 2229 βέλεμνα
1311 2147 1383 2232 Opp.

284 2247 408 2332 Cyneg.
434 2246 468 2309 Π
495 2249 565 2311 468.
608 2244 718 2325 Quint.
746 2246 875 2332 Smyrn.
897 2246 949 2311 ΠΙ
972 2253 1042 2312 741.
1069 2247 1102 2310 Χ
1123 2252 1194 2314 326.
1223 2247 1308 2313 XIII
1328 2251 1384 2313 363.

283 2345 367 2409 Vide
394 2343 578 2429 Kochlyum
612 2343 654 2407 ad
685 2345 746 2425 Qu.
775 2345 841 2410 Sm.
870 2346 917 2410 IV
944 2352 963 2412 6
991 2345 1242 2431 diIIgentissime
1270 2346 1309 2411 de
1334 2346 1384 2409 hoc

282 2466 344 2508 usu
364 2442 590 2527 disputantem.
675 2474 677 2478 ·

364 2541 435 2606 Iam
456 2549 559 2605 restat
580 2549 615 2603 ut

791 2759 811 2837 ὅ
836 2763 882 2825 18.

282 2893 327 2957 de
349 2917 423 2959 usu
444 2890 782 2979 praepositionis
804 2883 916 2970 παρά
940 2910 1027 2954 cum
1056 2891 1333 2958 substantivis
1352 2897 1381 2954 et

540 2987 859 3077 pronominibus
882 2989 1131 3054 coniunctae

280 3140 368 3205 nullo
395 3139 498 3205 verbo
526 3138 637 3203 addito
671 3139 783 3224 paucis
813 3160 965 3225 agamus,
992 3141 1049 3224 qui
1075 3162 1152 3204 usus
1183 3163 1225 3206 ex
1247 3143 1294 3208 eis
1313 3158 1380 3228 quae

281 3240 346 3303 iam
367 3238 578 3303 disseruimus
599 3236 754 3302 facillime
776 3238 935 3322 explicari
958 3248 1073 3325 potest.

306 3371 326 3393 ν
363 3339 575 3403 Homericum
603 3336 787 3422 exemplum
816 3339 1068 3423 praepositionis
1097 3333 1191 3421 παρά
1221 3361 1298 3406 cum
1324 3336 1380 3403 solo

281 3438 484 3503 substantivo
501 3438 690 3501 coniunctae
709 3457 773 3500 uon
793 3445 910 3502 exstat.
939 3436 1070 3502 L'ocalis
1091 3441 1194 3503 notio.
1201 3438 1380 3524 plerumque

281 3546 411 3601 servata
433 3546 482 3601 est
488 3585 497 3619 ‚
524 3539 571 3602 ita
600 3546 636 3601 ut
656 3535 758 3600 verba
786 3523 871 3597 εἶναι
893 3529 1077 3620 διατρίβειν
1101 3536 1220 3602 similia
1242 3537 1381 3602 facillime

194 3662 204 3684 ·
280 3637 475 3722 cogitatione
503 3636 581 3700 addi
608 3638 742 3721 possint.
771 3629 848 3708 τοὺς
874 3630 966 3717 παρὰ
990 3626 1086 3720 σφίσι
1114 3629 1269 3721 φυγάδας
1291 3637 1382 3700 Thuc.

279 3735 327 3800 VI
350 3743 378 3801 7.
401 3731 435 3797 ἐν
455 3728 531 3815 ὑμῖν
551 3735 623 3810 τοῖς
641 3725 724 3816 παρ’
739 3724 882 3819 Εὐρώτᾳ
895 3733 975 3800 Eur.
989 3733 1091 3799 Andr.
1107 3740 1177 3802 437.
1189 3728 1241 3811 τίς
1262 3734 1383 3820 θνητῶν

279 3828 362 3916 παρ’
382 3829 479 3920 ’Ἅιδη
499 3834 543 3899 id.
564 3834 661 3898 Herc.
684 3833 761 3896 Fur.
783 3837 852 3897 491.
872 3831 958 3898 Med.
986 3838 1072 3900 1059.
1099 3828 1160 3908 τὰς
1181 3826 1266 3915 παρ’
1291 3827 1385 3905 ἱστοῖς

250 3926 464 3996 -ἒκλιποῦοοι
495 3926 649 4014 κερκίδος
677 3932 758 3997 Eur.
780 3931 900 3997 Bacch.
931 3938 1018 3999 1236.
1061 3926 1209 4017 ἐμπόρια
1239 3928 1281 3996 τὰ
1308 3919 1382 4013 παρ’

276 4023 355 4111 ὑμῖν
379 4033 473 4097 Dem.
495 4031 558 4098 VII
584 4039 630 4099 42.
658 4027 736 4106 τοὺς
762 4027 855 4116 παρὰ
882 4031 953 4106 τοῖς
983 4024 1098 4118 φίλοις
1119 4023 1288 4110 πλούτους
1308 4033 1384 4098 Xeu.
