2836 4784
253 342 293 404 34
781 333 844 388 Rau

126 516 129 521 “
247 503 285 566 R.
317 500 440 566 Klotzii
472 501 691 566 coniecturam
728 503 1002 588 speciosissimam
1038 503 1260 589 arripiendam
1295 528 1365 569 esse

249 624 382 683 censeo,
412 601 467 688 qui
488 601 609 665 omissa
637 603 880 688 praepositione
912 594 1006 684 παρά
1035 602 1139 667 solum
1168 606 1365 688 genetivum,

247 703 415 766 notissimo
441 723 502 765 usu
524 723 565 765 ex
587 701 688 766 verbo
712 694 994 778 ὁδοιπλανοῦντες
1015 701 1209 789 pendentem
1223 704 1365 768 scriben-

248 801 324 867 dum
347 802 480 866 censuit.
1376 883 1379 888 ⁴

330 901 438 966 Locus
461 897 632 985 Sophoclis
653 898 764 986 Antig.
787 907 847 969 966
870 896 963 985 παρὰ
983 895 1021 963 δὲ
1052 894 1212 964 Κυανέων
1240 896 1365 964 σπιλά-

247 1002 313 1066 δων
336 994 475 1081 διδύμας
495 992 580 1074 ἆλός
602 991 700 1063 ἀκταὶ
720 994 916 1082 Βοσπόριαι
938 1024 1010 1066 eum
1032 1008 1205 1086 corruptus
1227 1001 1364 1065 necdum

248 1112 380 1168 sanatus
402 1102 444 1165 sit
464 1098 545 1163 nihil
567 1097 610 1163 ad
640 1098 726 1164 hanc
755 1102 976 1187 quaestionem
1004 1098 1251 1164 diiudicandum
1279 1099 1365 1164 valet

247 1213 279 1266 et
298 1200 443 1266 eiusdem
465 1198 597 1263 fabulae
619 1222 667 1263 vs.
683 1204 760 1264 1122
784 1199 942 1266 editiones
965 1198 1096 1286 quidem
1118 1197 1240 1264 multae
1264 1192 1365 1261 ναίων

246 1293 324 1382 παρ’
348 1293 455 1382 ῦγριῦν
472 1290 628 1384 Ἰσμηνοῦ
648 1290 793 1383 ῥείθρων
815 1299 979 1381 exhibent,
1001 1297 1059 1363 sed
1081 1297 1203 1364 codicis
1219 1299 1364 1364 Lauren·

245 1402 327 1467 tiani
345 1403 507 1487 scriptura
522 1408 570 1463 est
598 1390 699 1465 ναίων
714 1390 791 1480 παρ’
803 1392 903 1481 ῦγρὸν
918 1389 1074 1482 Ἰσμηνοῦ
1094 1392 1246 1481 ῥέεθρον,
1269 1422 1363 1487 quam

246 1499 432 1573 Boeckhius
446 1508 479 1562 ct
487 1497 532 1563 M.
548 1496 736 1583 Seyffertus,
746 1508 859 1584 utpote
873 1497 1015 1585 rhythmi
1029 1496 1192 1583 elegantia
1202 1521 1362 1564 commen-

248 1599 358 1663 datam
379 1599 588 1662 retinuerunt.
633 1595 729 1675 Quod
752 1599 780 1660 si
802 1599 908 1663 minus
941 1597 1119 1684 probatur,
1148 1596 1306 1662 facillima
1333 1609 1363 1662 et

248 1700 373 1785 optima
392 1696 548 1765 Kvlealae
571 1696 756 1760 coniectura
783 1705 891 1761 exstat
916 1690 1018 1759 ναίων
1046 1688 1127 1782 παρ’
1158 1690 1268 1779 ὑγρῶν
1296 1689 1362 1759 Ἰο-

244 1793 349 1882 μηνὸν
370 1792 529 1880 ῥεέθρων,
553 1792 669 1860 collatu
693 1792 764 1858 loeo
777 1793 855 1861 Eur.
873 1795 945 1884 Iph.
962 1797 1000 1864 T.
1019 1801 1085 1865 133.
1106 1789 1235 1882 χόρτων
1252 1789 1360 1861 εὐδέν-

247 1895 334 1980 δρων
355 1884 542 1973 ἐξαλλάξαδ
570 1885 736 1975 Εὐρώπαν.

538 2162 722 2245 CAPUT
750 2165 1069 2246 SECUNDUM.

389 2328 439 2394 De
453 2329 687 2414 praepositum
708 2323 800 2411 παρά
822 2354 893 2394 euru
915 2330 1020 2395 duttho
1045 2327 1219 2392 cout'uuetu.

328 2510 426 2592 Quod
446 2511 512 2575 iam
535 2534 635 2598 supra
657 2511 835 2598 docuimus,
858 2537 953 2579 casus
975 2512 1105 2597 linguae
1126 2533 1266 2598 graecae
1294 2533 1356 2576 non

213 2687 216 2694 ¹
244 2634 341 2676 unam
364 2609 565 2697 eandemque
591 2612 782 2696 primariam
808 2615 972 2677 notionem
1000 2611 1121 2698 habere
1133 2659 1143 2693 ,
1176 2611 1234 2675 sed
1265 2633 1355 2675 usum

245 2734 355 2777 eorum
377 2733 395 2774 e
417 2709 638 2795 compluribus
661 2710 791 2776 casibus
821 2712 1032 2795 confluxisse,
1059 2711 1146 2776 idem
1176 2708 1217 2774 de
1247 2710 1354 2774 dativo

192 2804 194 2807 ⁵
243 2810 340 2888 valet,
361 2810 417 2895 qui
430 2809 534 2874 dativi
555 2810 697 2896 genuini,
719 2812 984 2894 instrumentalis,
1006 2811 1139 2877 locativi
1159 2811 1231 2874 vice
1251 2811 1354 2896 fungi·

243 2921 305 2976 tur.
329 2911 480 2997 Apparet
502 2908 647 2973 dativum
670 2932 743 2983 cum
764 2904 856 2994 παρά
878 2910 1002 2978 dietum
1022 2909 1153 2976 locativi
1173 2909 1279 2974 locum
1302 2911 1356 2975 ha·

244 3008 322 3074 bere
345 3017 441 3096 atque
462 3008 627 3073 immotam
648 3009 851 3073 mansionem
872 3046 911 3057 -
934 3020 970 3076 ut
997 3012 1044 3075 ita
1073 3009 1181 3074 dicam
1203 3045 1244 3056 -
1265 3013 1355 3074 iuxta

238 3116 416 3193 'personam
437 3105 580 3195 aliquam
602 3105 655 3171 vel
676 3129 745 3171 rem
766 3106 929 3194 indicare3
956 3111 1026 3175 sive
1048 3109 1184 3174 verbum
1205 3109 1356 3174 movendi

244 3206 481 3292 significatione
499 3205 684 3294 praeditum
693 3209 873 3293 praecessit
894 3210 962 3274 sive
983 3231 1048 3273 non
1069 3210 1257 3294 praecessit,
1280 3231 1355 3294 qua·

241 3314 377 3392 propter
398 3298 490 3387 παρά
513 3329 585 3372 cum
607 3306 736 3389 dativo,
763 3307 792 3371 si
813 3307 857 3372 ad
879 3309 958 3373 artis
980 3306 1106 3392 logicae
1127 3307 1215 3392 leges
1239 3307 1292 3372 vel
1314 3306 1355 3371 ad

232 3409 386 3469 'nostram
408 3405 538 3471 dicendi
558 3408 717 3477 rationem
732 3400 1221 3473 Graecorum‘consuetudinem
1243 3407 1353 3471 referi-

242 3525 324 3587 mus,
345 3526 585 3594 nonnumquam
602 3528 661 3592 pro
683 3500 774 3590 παρά
799 3529 871 3571 cum
893 3507 1079 3572 accusativo
1101 3507 1243 3592 positum
1265 3506 1354 3570 vide-

240 3613 294 3669 tur
316 3625 396 3687 esse,
419 3602 460 3668 de
480 3627 545 3691 qua
565 3626 601 3669 re
622 3605 709 3669 infra
728 3604 919 3671 videbimus.

323 3701 569 3768 substantivum
601 3726 674 3768 cum
706 3698 797 3785 παρά
826 3707 1033 3771 coniunctum
1065 3705 1121 3769 aut
1151 3703 1272 3768 animal
1301 3713 1355 3769 aut

156 3860 159 3864 ,
238 3823 309 3867 rem
332 3803 508 3869 inanimam
531 3801 716 3888 significare
736 3812 861 3889 potest3
883 3827 978 3892 quem
999 3828 1092 3869 usum
1114 3825 1187 3868 cum
1209 3803 1354 3868 nonnulli

238 3903 445 3986 grammatici
457 3925 477 3968 a
491 3924 590 3990 prosa
611 3903 756 3966 oratione
774 3902 917 3970 alienum
937 3926 1008 3969 esse
1031 3904 1213 3968 censuerint
1235 3925 1355 3990 operae

225 3994 380 4086 ⁸pretium
399 4003 461 4069 erit
482 4023 580 4089 agere
