2836 4784
367 367 370 373 .
440 327 474 383 de
491 328 695 400 praepositione
715 328 801 403 παρά.

567 696 597 774 ἓ.
621 700 667 760 12.

117 842 163 909 de
187 841 512 931 praepositione
533 839 643 925 παρά
662 866 748 909 cum
770 843 912 909 dativo
934 843 996 909 rei
1018 865 1113 908 con·

550 943 707 1008 iuncta.

139 1107 190 1172 Ac
210 1109 354 1195 primum
377 1106 510 1193 quidem
528 1107 632 1173 multa
650 1108 809 1174 eiusmodi
831 1108 981 1196 exempla
996 1110 1083 1198 apud
1105 1131 1179 1197 poe·

55 1217 107 1272 tas
130 1206 198 1293 legi
213 1209 422 1274 notissimum
444 1216 503 1274 est.
525 1207 608 1273 Nam
631 1208 665 1272 in
677 1207 860 1274 Homericis
884 1209 1081 1275 carminibus
1103 1232 1177 1276 cum

58 1307 228 1373 ducenties
256 1318 288 1372 et
318 1307 489 1396 quinquies
521 1300 614 1390 παρά
644 1329 715 1372 cum
744 1307 854 1373 dativo
882 1309 1095 1394 compositum
1127 1310 1178 1394 sit,

59 1408 183 1471 centies
204 1405 403 1472 undetricies
426 1429 499 1471 cum
521 1405 724 1472 substantivo
741 1405 814 1471 rem
838 1408 1025 1490 inanimam,
1048 1417 1202 1495 septua‘

59 1507 130 1592 gies
154 1507 263 1570 sexies
286 1527 463 1593 personam
486 1505 684 1592 significanti
706 1506 828 1571 dictum
853 1516 910 1586 est,
933 1506 1019 1594 quod
1041 1506 1084 1572 ad
1097 1509 1178 1573 artis

58 1604 285 1671 arithmeticae
305 1603 437 1691 regulas
459 1604 626 1670 redactum
649 1605 749 1686 efficit
766 1604 833 1671 fere
855 1612 873 1671 5
896 1605 938 1671 ad
961 1612 999 1688 33
1020 1616 1117 1695 atque
1137 1629 1178 1673 ex

59 1704 296 1771 recentioribus
318 1705 420 1791 epicis
442 1703 532 1791 apud
547 1704 755 1791 Apollonium
769 1703 874 1770 Rhod.
895 1728 973 1770 usus
996 1701 1085 1788 παρά
1105 1728 1179 1771 eum
1234 1762 1236 1767 .

59 1804 181 1869 dativis
203 1826 310 1868 rerum
331 1803 376 1868 ad
398 1826 494 1870 usum
514 1826 588 1869 cum
610 1803 731 1869 dativis
754 1803 942 1870 animalium
964 1813 1000 1869 ut
1013 1811 1049 1870 15
1074 1804 1117 1869 ad
1139 1811 1179 1888 ²3

61 1903 149 1990 apud
172 1902 409 1969 Callimachum
431 1911 467 1966 ut
488 1907 506 1968 3
529 1900 571 1966 ad
595 1909 628 1985 ¹3
655 1902 745 1989 apud
765 1903 935 1969 Musaeum
957 1913 993 1968 ut
1015 1907 1032 1968 3
1055 1902 1098 1969 ad
1118 1927 1177 1987 —3

60 2002 148 2091 apud
171 2001 345 2067 Ooluthum
366 2010 403 2068 ut
425 2008 445 2066 4
466 2000 510 2066 ad
534 2009 572 2084 ¹3
605 2002 694 2088 apud
715 2002 866 2068 Nonnum
888 2012 924 2066 ut
945 2006 964 2067 6
987 2000 1029 2065 ad
1052 2009 1065 2068 1
1089 2005 1177 2080 (1492

60 2107 127 2187 2⁴03
162 2101 304 2188 denique
325 2100 413 2188 apud
436 2100 548 2180 Quint.
572 2099 787 2187 Smyrnaeum
809 2111 844 2164 ut
868 2107 905 2168 10
927 2100 970 2191 ad
995 2108 1007 2166 1
1032 2105 1085 2177 (62
1108 2124 1115 2167 t
1138 2105 1179 2182 6).

59 2200 151 2267 —A
173 2223 239 2289 quo
261 2223 322 2266 usu
342 2222 407 2265 non
427 2198 560 2264 multum
584 2198 693 2266 differt
717 2200 893 2286 lyricorum
923 2198 1052 2264 dicendi
1079 2200 1179 2281 ratio,

61 2300 225 2366 Pindarus
239 2301 323 2365 enim
346 2297 589 2385 duodetriginta
609 2297 689 2364 locis
711 2291 804 2381 παρά
830 2321 904 2363 cum
927 2298 1040 2382 rebus,
1061 2299 1179 2383 viginti

61 2401 140 2466 loeis
162 2422 240 2464 eum
262 2400 411 2486 personis
433 2399 626 2485 composuit.
642 2434 681 2447 --
704 2399 840 2484 Tragici
862 2399 948 2462 etin
970 2397 1125 2463 diverbiis
1147 2405 1179 2461 et

65 2502 97 2564 in
115 2500 253 2566 canticis
276 2498 414 2564 choricis
435 2499 711 2589 praepositionem
733 2521 807 2564 cum
821 2497 941 2563 dativis
963 2520 1071 2563 rerum
1085 2520 1178 2562 usur·

65 2608 199 2686 parunt,
224 2597 350 2663 sedita
370 2606 407 2663 ut
428 2619 446 2662 e
469 2596 626 2662 diverbiis
647 2599 753 2683 magis
775 2599 945 2684 magisque
967 2597 1180 2662 exterminari

63 2698 205 2786 solisque
226 2697 362 2763 canticis
384 2696 470 2762 hunc
491 2719 585 2762 usum
606 2696 747 2784 relinqui
758 2697 945 2780 videamus3
969 2720 1042 2761 cum
1064 2696 1179 2762 comici

61 2807 176 2885 poetae
199 2798 234 2862 in
256 2796 414 2861 diverbiis
437 2795 569 2883 quidem
588 2794 711 2861 nullum
733 2798 891 2863 eiusmodi
914 2795 1100 2882 exemplum
1123 2816 1178 2859 ex·

61 2896 206 2976 libeant,
227 2897 349 2983 quippe
363 2897 419 2983 qui
443 2916 624 2960 sermonem
646 2895 880 2983 quotidianum,
902 2918 921 2960 a
944 2917 1006 2982 quo
1027 2894 1109 2959 haec
1131 2893 1179 2957 di·

62 2995 154 3062 cendi
175 2997 264 3060 ratio
284 2994 496 3060 abhorruisse
526 2993 672 3073 videtur,
703 2994 891 3060 fidelissime
924 3002 1178 3082 repraesentent

62 3093 256 3182 Aeschylus,
271 3096 383 3180 epicae
405 3093 556 3159 dictionis
575 3094 810 3177 tenacissimus,
833 3116 892 3159 sex
912 3092 1002 3175 locis,
1024 3116 1041 3158 e
1063 3093 1179 3182 quibus

64 3199 206 3284 quinque
226 3194 261 3258 in
282 3191 441 3258 diverbiis
464 3200 553 3276 sunt,
576 3187 669 3277 παρά
692 3215 764 3258 cum
786 3193 904 3271 rebus,
926 3201 1076 3281 quattuor
1097 3192 1179 3258 loeis

65 3317 133 3361 oum
156 3293 309 3382 personis
331 3292 533 3379 composuit,
552 3292 696 3380 itemque
723 3292 812 3379 apud
835 3292 1030 3381 Sophoclem
1058 3292 1180 3378 dialogi

66 3417 129 3479 sex,
152 3393 336 3459 carminum
359 3391 423 3457 duo
446 3390 597 3478 exempla
618 3394 870 3479 praepositionis
893 3415 965 3458 cum
988 3392 1108 3457 dativis
1130 3415 1178 3458 re-

65 3515 133 3559 rum
154 3492 377 3558 inanimarum
397 3492 587 3557 coniunctae
605 3490 752 3577 legimus.

143 3591 271 3658 Contra
285 3591 463 3680 Euripides
475 3591 624 3679 quamvis
640 3589 862 3677 undetriginta
883 3589 1069 3656 huiusmodi
1090 3589 1178 3656 locos

68 3690 240 3777 praebeat,
266 3691 368 3756 octies
389 3699 516 3756 tantum
536 3691 572 3755 in
592 3688 749 3754 diverbiis
771 3693 900 3778 epicum
921 3714 1014 3756 usum
1033 3689 1178 3770 retinuit,

69 3800 95 3855 et
113 3812 271 3870 numerus
290 3789 436 3856 locorum
456 3789 512 3856 ubi
535 3782 627 3872 παρά
649 3811 722 3854 eum
744 3788 864 3855 dativis
886 3809 1101 3876 personarum
1122 3807 1177 3869 ex·

70 3897 129 3955 stat
146 3927 191 3939 --
210 3889 554 3978 duodequinquaginta
577 3889 661 3953 enim
684 3898 759 3954 sunt
778 3924 820 3936 -
840 3887 936 3972 longe
961 3884 1052 3951 illum
1083 3907 1178 3971 supe·

70 3998 122 4056 rat.
164 3989 407 4075 Aristophanes
440 3989 571 4078 quidem
601 3988 702 4055 semel
732 3988 826 4067 (Ran.
858 3976 1071 4136 1309?an
1103 4005 1177 4095 eum
