2836 4784
149 1698 282 1766 Nomina
301 1698 453 1787 propria,
485 1717 568 1794 quae
595 1696 876 1765 terminationibus
906 1683 1174 1764 brevioribus
1131 1722 1171 1777 rs,

123 1818 145 1876 ις
169 1824 198 1864 ιν
218 1821 279 1888 pro
292 1796 523 1887 plenioribus
513 1820 564 1864 rus
585 1806 616 1862 et
638 1823 690 1878 ιος
725 1819 778 1861 ιον
796 1805 937 1882 utuntur,
959 1806 992 1863 et
1008 1797 1127 1863 Latina
1142 1807 1174 1864 et
1283 1821 1285 1827 ¹

123 1920 198 1967 'acca
220 1898 334 1984 lingua
359 1897 451 1963 novit
472 1895 703 1988 probavitque,
724 1895 760 1963 id
781 1896 867 1985 quod
888 1895 972 1963 tituli
992 1897 1174 1986 inscriptio·

123 2019 145 2064 ιι
171 2006 345 2078 testantur,
378 1997 412 2063 in
444 1995 561 2085 quibus
586 1998 709 2066 formae
739 1995 878 2062 Oomtw
906 2018 965 2083 pro
1001 1994 1174 2081 Oomebise

123 2100 271 2186 ιμῇτρις
304 2119 365 2185 pro
398 2089 661 2182 Δημητριος,
702 2088 929 2160 Καλλίστη
966 2118 1027 2184 pro
1062 2094 1172 2160 uat-

123 2216 220 2262 ιτιον
243 2197 434 2284 saepissime
452 2195 612 2282 leguntur.
656 2197 705 2263 Eo
724 2204 833 2260 tamen
854 2194 1040 2262 discrimine
1059 2195 1170 2284 legun-

123 2307 178 2377 ,ut
194 2296 326 2363 Graeca
346 2296 505 2382 ejusmodi
519 2299 650 2362 nomina
669 2318 735 2361 non
755 2303 830 2361 ante
845 2293 986 2360 medium
1007 2295 1171 2363 sacerdum

123 2417 197 2463 num
227 2404 304 2485 post
328 2394 491 2462 Christum
518 2406 628 2463 natum
660 2395 858 2478 exstiterint,
889 2394 1009 2462 Latina
1032 2418 1110 2463 vero
1137 2397 1172 2464 in

123 2497 173 2562 nis
194 2497 263 2563 fere
285 2494 396 2576 Latini
418 2500 575 2562 sermonis
596 2495 827 2578 monumentis,
856 2516 939 2582 quae
968 2497 1064 2562 etiam
1086 2519 1172 2562 nunc

123 2593 172 2662 icta
202 2594 379 2677 habemus,
412 2593 507 2661 nobis
540 2594 662 2661 tradita
694 2595 769 2660 sint.
810 2592 997 2659 Praestabit
1022 2596 1122 2682 igitur
1151 2619 1172 2663 a

123 2695 187 2761 tinis
209 2696 371 2782 incipere,
399 2695 520 2782 qnippe
542 2717 625 2782 quae
647 2703 754 2761 aetate
774 2692 887 2782 priora
909 2693 989 2770 sint,
1018 2716 1114 2782 quum
1136 2694 1172 2760 id

123 2792 187 2860 dem
202 2794 275 2860 fieri
290 2795 441 2882 potnerit,
463 2803 500 2860 ut
519 2797 702 2860 recentiora
721 2790 909 2859 admodum
932 2794 1171 2859 auctoritatem-

123 2895 347 2982 *superiorum
366 2893 594 2978 formarentur,
615 2916 708 2998 nemo
730 2915 809 2958 vero
809 2900 922 2980 putet
943 2891 1024 2958 haec
1042 2915 1085 2958 ex
1105 2892 1170 2959 illis

123 2995 218 3078 gisem
239 2992 366 3059 ducere

141 3094 335 3180 Priusquam
355 3114 433 3159 vero
453 3091 539 3159 hano
567 3094 710 3181 primam
737 3091 968 3181 disputationis
983 3113 1075 3158 meae
1097 3115 1170 3181 par·

123 3193 306 3280 ,incipiam
328 3214 461 3258 neccsse
482 3200 532 3257 est
552 3215 604 3257 me
625 3191 713 3259 illius
735 3193 800 3257 viri
820 3191 1014 3259 sententiam
1029 3190 1171 3257 breviter

123 3290 213 3376 icere,
236 3292 293 3381 qui
307 3293 433 3379 primus
444 3292 584 3359 omnium
599 3290 675 3357 huic
690 3292 738 3357 rei
755 3312 889 3379 operam
903 3289 993 3356 dedit
1013 3289 1174 3379 libellum-¹

123 3416 127 3450 ι
156 3391 243 3458 illurn
268 3392 449 3479 composuit
469 3389 507 3456 de
528 3387 734 3456 dcclsbattonc
754 3390 874 3457 Lettino
902 3387 1042 3477 quadem
1067 3413 1171 3455 recca

123 3488 184 3575 bre,
205 3492 256 3567 cui
277 3499 390 3578 postea
410 3489 660 3577 supplementum
671 3488 852 3556 add1d1t1n
871 3487 975 3555 sindica
994 3485 1170 3571 colendarum

141 3613 258 3656 masao
273 3587 417 3654 hebereos
444 3593 605 3658 teet-62
619 3576 751 3654 Benaco
776 3587 1007 3671 habendarum
1028 3588 1083 3676 qui
1107 3599 1171 3653 non

123 3687 158 3755 do
172 3688 323 3778 exempla
336 3688 503 3754 titulorum
518 3697 608 3754 tanto
627 3686 734 3754 studio
751 3687 944 3774 conquisivit
959 3687 1113 3775 eruitque,
1134 3695 1170 3751 ut

134 3808 226 3854 unum
236 3789 545 3857 alterumvenovum
562 3787 682 3855 addere
696 3788 816 3866 liceret,
830 3785 1000 3868 sedetiam,
1019 3782 1170 3850 affinibus

123 3890 218 3962 monis
233 3889 345 3955 Latini
366 3889 478 3954 formis
500 3887 544 3953 ad
557 3885 811 3975 comparandum
826 3883 991 3970 adhibitis,
1014 3885 1170 3959 rationem

123 3986 223 4053 tioavit
252 3998 283 4056 st
313 3987 540 4078 praescripsit,
571 4009 636 4079 qua
660 3995 824 4080 tamquam
843 3984 936 4057 clave
956 3983 1077 4056 formas
1099 3984 1171 4059 illas
