2836 4784
203 113 207 119 ’
266 125 328 189 274
762 113 856 169 Alton·

266 287 404 377 fortasse
427 306 490 369 quo
519 277 597 349 eesu
621 282 680 348 fiat
704 291 740 346 ut
760 281 939 347 ¹severioris
969 287 1060 345 tanto
1081 277 1297 375 pluraquam
1318 275 1412 342 mi—

268 387 360 452 tioris
380 386 503 450 formae
524 391 658 448 exstent¹
673 382 839 468 exempla:
864 379 1077 462 vocabulum,
1092 379 1228 465 opinor,
1251 386 1412 465 perura-

267 484 366 550 nebat
387 483 508 548 diutius
530 481 619 570 apud
640 479 788 546 Italiotas
809 490 841 545 et
862 479 1047 562 Siceliotas,
1069 499 1168 566 quum
1186 488 1259 566 Jam
1280 481 1412 544 eeteri

172 635 177 644 .
268 585 375 649 Dores
398 583 503 647 minus
535 583 784 666 frequentarent.
827 581 898 646 Non
928 582 1012 643 enim
1040 581 1074 643 in
1095 576 1267 664 Delphicis
1288 597 1412 664 repe-

267 685 350 780 ritur
371 683 433 746 nisi
462 682 496 745 in
523 680 685 745 locutione
704 675 820 755 καθώς
840 700 883 742 κα
905 671 1004 753 αὐτὸς
1025 669 1135 755 (αὐτὰ)
1156 669 1322 758 bellator,
1345 676 1412 743 it

268 805 333 870 qua
364 781 440 846 lieet
467 778 637 845 formulam
671 782 837 866 antiquam
864 777 1054 868 judicialem
1088 799 1171 864 quae
1200 797 1243 841 ex
1270 777 1412 863 prisea

267 882 378 967 lingua
400 881 641 967 permanaverit
662 899 857 964 agnoscero;
877 900 975 963 quum
992 876 1072 941 alibi
1087 871 1180 939 θέλω
1196 885 1412 963 usurpetur,

269 980 422 1046 Ceterum
451 979 576 1044 formae
606 969 822 1060 ὄηλοόμενος,
853 974 1009 1064 dotrinae,
1041 992 1122 1063 quas
1150 975 1280 1040 codices
1305 996 1412 1039 non·

268 1101 430 1166 nunquam
462 1077 632 1160 exhibent,
662 1088 773 1163 aperte
799 1079 947 1142 inscitiae
973 1077 1181 1141 librariorum
1215 1073 1412 1153 detentu-2

213 1195 216 1204 '
269 1180 323 1265 qui
352 1179 413 1242 boe
443 1176 578 1240 verbum
604 1199 677 1240 oum
708 1171 818 1262 (ληλόω
847 1176 1069 1242 confuderunt.
1117 1173 1216 1255 Quod
1231 1173 1412 1238 ‘Oeeontr

268 1277 373 1342 mides
401 1277 539 1364 conjecit
565 1271 722 1356 δείλομαι
750 1285 782 1341 et
808 1270 976 1358 βούλομαι
1004 1296 1046 1340 ex
1069 1274 1184 1340 eodem
1208 1280 1281 1338 orta
1302 1290 1412 1351 esse1

268 1398 464 1466 quamquam
486 1374 579 1440 adest
600 1375 751 1462 analogia
770 1367 889 1451 ὀδελός
909 1368 1041 1467 opsloe,
1061 1372 1187 1439 broad.
1203 1367 1308 1450 ζέλλω
1321 1390 1412 1456 pro

268 1471 383 1559 βάλλω
406 1485 476 1558 eto,
510 1485 619 1541 tamen
649 1473 781 1540 dubium
809 1484 859 1541 eet
883 1485 1018 1564 propter
1041 1470 1201 1559 originem
1224 1486 1412 1537 consonae

269 1580 353 1659 ssex
376 1575 411 1638 F
425 1577 460 1640 in
480 1575 542 1641 hae
563 1597 652 1641 voce.

352 1669 508 1767 dtaumrip
531 1698 591 1762 pro
615 1668 785 1751 δικαστάς,
809 1674 885 1740 vide
907 1677 927 1756 ξ
950 1683 979 1757 5,
1002 1681 1030 1741 2.

352 1769 386 1838 ἐν
408 1777 608 1862 praepositio
630 1776 836 1864 conjungitur
853 1774 1139 1852 oum‘aoeusa'tivo,
1160 1773 1235 1838 viee
1248 1771 1401 1859 fungens

269 1874 415 1961 uulgaris
438 1867 500 1950 εἰς,
524 1884 560 1940 ut
580 1874 618 1938 fit
646 1876 680 1938 in
702 1874 856 1940 Dorisme
877 1872 1130 1960 septentrionali,
1152 1877 1278 1937 neon'on
1299 1859 1398 1954 apud

269 1975 416 2039 Boeotos.
459 1972 503 2037 At
531 1972 687 2039 falluntur
709 1975 765 2061 qui
794 1982 910 2060 putant
930 1984 962 2039 et
984 1968 1018 2036 ἒν
1040 1983 1072 2037 et
1092 1965 1156 2051 εἷς,
1180 1966 1216 2046 ἐς
1237 1969 1280 2035 ad
1300 1986 1392 2032 oom-

272 2096 399 2138 munem
414 2074 558 2160 speeiem
574 2068 626 2148 ἒνς
640 2073 826 2138 revocanda
841 2094 922 2155 esse,
944 2095 1043 2160 quam
1054 2073 1258 2137 'sententiam
1276 2069 1386 2133 forma

270 2165 320 2236 ἔνι’
342 2173 422 2236 satis
443 2173 571 2238 refutat.
614 2164 681 2248 Εἰς,
705 2166 739 2247 ἒς
761 2180 835 2237 orta
856 2183 930 2237 sunt
951 2182 992 2238 ex
1014 2166 1082 2255 ἐνς,
1104 2169 1203 2260 idque
1226 2180 1267 2234 e'x
1290 2158 1378 2236 iri-s,

272 2269 359 2360 quod
379 2271 492 2336 eadem
516 2270 768 2358 amplificatione
790 2292 831 2336 ex
853 2265 909 2334 bt·
922 2272 1043 2336 factum
1064 2280 1122 2353 est¹
1140 2281 1239 2358 atque
1263 2260 1376 2352 iuml-t

270 2395 312 2436 ex
334 2362 438 2457 ἀμφί,
462 2366 594 2451 μέχρι-ς
615 2394 657 2435 ex
678 2365 791 2455 μέχρι,
814 2369 849 2450 εξ
867 2395 908 2438 ex
930 2367 984 2447 ἐκ,
1010 2370 1080 2435 ‹ab-a
1101 2392 1142 2434 ex
1164 2370 1214 2454 ab,
1236 2368 1301 2451 oio,
1320 2363 1373 2430 uls

272 2493 314 2539 ex
336 2472 438 2554 (aaa,
461 2470 570 2536 utera.
614 2469 664 2536 Of.
687 2469 776 2537 Ourt.
798 2470 907 2557 Etym.
931 2494 1006 2558 pag.
1029 2474 1117 2537 289.·

354 2566 520 2657 bresnoto,
550 2570 633 2658 plur.
657 2568 708 2635 bis
729 2569 850 2656 legitur
869 2571 903 2634 in
924 2573 970 2636 tit.
992 2571 1081 2658 Hyp.
1100 2592 1130 2633 v.
1153 2575 1183 2653 8,
1199 2575 1234 2635 9.
1274 2567 1365 2632 Novae

270 2672 361 2737 vocis
386 2669 624 2736 Oeoonomides
658 2669 739 2735 duas
776 2669 1025 2757 explanationes
1058 2666 1361 2754 bonsideratzssquau

271 2770 324 2835 ille
345 2771 476 2856 rejecit,
501 2792 540 2834 ea
562 2764 656 2834 nobis
677 2768 882 2856 probabilior
904 2770 1051 2853 videtur,
1078 2768 1293 2834 derivandum
1308 2776 1362 2828 esse

192 2905 195 2911 ,
218 2918 223 2929 t
265 2893 292 2950 *a
313 2868 414 2933 verbo
434 2861 554 2953 ἑνίημι,
577 2878 613 2933 ut
634 2868 794 2954 significet
814 2865 876 2952 „ab
898 2862 966 2934 ὑπὸ
980 2871 1038 2932 τοῦ
1054 2863 1193 2933 ἕπολκου
1206 2860 1361 2946 τελούμενα

270 2963 357 3050 πρὸς
377 2959 557 3053 εἰσαγωγὴν
578 2965 634 3030 καὶ
655 2959 806 3054 εἰσδοχὴν
827 2961 929 3033 αὐτοῦ
953 2954 1000 3044 εἷς
1018 2965 1075 3053 τὴν
1094 2961 1237 3049 χώραν.“
1273 2963 1361 3030 Alton

272 3067 498 3153 interpretatio
520 3064 563 3131 ab
587 3067 807 3133 Oeconomida
829 3068 1029 3155 anteposita,
1052 3069 1108 3154 qui
1129 3067 1230 3132 refert
1253 3065 1293 3131 ad
1311 3052 1361 3125 bi·

271 3183 346 3251 της’
370 3157 501 3240 &toruos
522 3166 690 3253 (Hesyeb.)
711 3176 746 3231 ut
769 3169 811 3232 sit
828 3167 981 3254 uectigal·
995 3190 1054 3254 pro
1078 3167 1189 3253 eapite
1207 3165 1249 3232 ab
1272 3159 1360 3230 ineolis

273 3265 422 3348 solutum,
444 3266 549 3331 minus
569 3263 757 3352 probamus.
828 3286 831 3291 ·

354 3359 424 3449 ἔντε
446 3373 495 3429 est
517 3387 577 3451 pro
598 3357 670 3428 ἔστε
696 3375 732 3430 ut
749 3358 791 3428 ’ἐν
813 3386 873 3451 pro
903 3357 967 3442 εἷς,
997 3359 1047 3441 tc:
1077 3359 1147 3430 ttae
1168 3358 1213 3429 κί
1226 3354 1361 3442 &nebeim

200 3472 202 3476 ‘
271 3487 311 3526 τα
341 3457 461 3545 ripen,
494 3463 582 3550 Hyp.
609 3471 653 3530 15.
695 3464 836 3531 Prorsus
868 3465 1015 3530 similiter
1048 3464 1168 3553 Delph.
1202 3465 1238 3532 O.
1259 3465 1283 3531 Ι.
1304 3461 1361 3528 1688

273 3589 304 3630 v.
326 3569 377 3647 40,
399 3557 467 3629 ἕπε
488 3586 531 3627 κα
554 3555 723 3652 ἀποτείσῃ.
765 3565 839 3631 Hoe
860 3557 930 3629 ἕπε
951 3565 1038 3631 idem
1060 3575 1109 3631 est
1130 3574 1228 3653 atque
1248 3559 1282 3640 a
1299 3554 1361 3634 ire,

274 3663 332 3731 sed
354 3673 468 3730 contra
488 3664 523 3728 in
545 3663 648 3729 altera
663 3663 839 3743 locutione,
858 3663 1016 3732 Wesoher
1038 3674 1071 3731 et
1088 3665 1234 3732 Fouoart
1250 3669 1317 3739 407,
1334 3660 1362 3722 λλ

273 3754 343 3826 ἔντε
363 3784 407 3825 κα
429 3756 505 3850 ζώῃ,
529 3773 577 3828 est
600 3764 708 3852 potius
728 3761 761 3828 ἐν
781 3751 809 3852 ᾧ
829 3785 875 3830 τε,
1204 3798 1207 3805 1
