2836 4784
158 354 217 415 220
411 305 415 313 ⁸
662 341 759 402 .Allen
868 388 871 393 .

156 514 303 596 Lautes“,
320 517 357 593 ι0)
387 536 463 600 pag.
494 519 541 577 14.
591 513 644 578 De
672 504 786 595 ἆμόρα
815 512 957 576 dubitari
983 512 1042 576 vix
1067 520 1186 598 potest
1225 511 1240 578 l

158 615 235 677 mihi
265 614 304 677 de
334 615 448 677 ceteris
480 613 586 676 statim
616 615 769 677 statuenti
791 613 898 677 Dores
921 613 1072 675 continua
1094 611 1240 676 traditior

157 713 199 777 ab
222 713 445 799 antiquissimo
475 722 621 797 tempore
651 711 712 775 hoc
735 714 755 772 ἄ
776 713 959 797 accepisse,
990 709 1053 775 duo
1085 721 1161 782 sunt
1189 732 1240 794 qur

156 813 291 876 forsitan
324 813 485 897 quispiam
516 809 678 896 objecerit.
729 810 873 874 Primum
904 809 938 872 id
970 811 1057 896 quod
1088 809 1240 893 Ahrensir

157 913 294 997 scripsit,
311 911 392 975 Dor.
409 916 476 991 119,
499 907 538 973 de
551 908 663 972 verbis
681 903 806 991 τρόπω,
830 901 957 994 τρόφω,
981 902 1130 994 στρόφω,
1148 902 1240 990 τράχτ

157 1010 243 1097 quod
269 1033 370 1098 aeque
398 1009 440 1073 ad
469 1019 613 1073 nostrum
643 1003 739 1093 φόρω
766 1011 921 1095 pertinet,
950 1007 1020 1073 sese
1047 1007 1202 1072 dubitare
1230 1029 1240 1072 s

36 1183 38 1186 y
155 1109 262 1174 Dores
295 1109 426 1174 rudiore
458 1108 718 1195 pronuntiatione
752 1129 768 1169 ε
796 1111 830 1172 in
858 1130 879 1170 α
906 1110 1130 1194 corrupissent
1158 1117 1240 1173 contr

155 1212 328 1295 genuinam
359 1208 489 1293 linguae
520 1206 675 1289 indolem,
710 1206 857 1271 derivata
883 1201 1024 1290 τρόττος,
1052 1202 1183 1294 τρόφος
1212 1218 1240 1274 et

157 1307 321 1394 postulare
343 1304 664 1395 praesentaremus,
689 1303 796 1391 τρέφω
820 1316 878 1371 etc.
910 1307 1007 1387 Quod
1029 1309 1058 1372 si
1075 1329 1192 1372 verum
1211 1315 1240 1372 οε

155 1430 219 1471 non
243 1408 383 1473 debebat
412 1409 462 1471 vir
484 1408 709 1471 ornatissimus
737 1405 913 1470 concedere
938 1405 1032 1471 verbi
1052 1401 1168 1486 τόμτω
1189 1420 1240 1472 ant

156 1509 320 1592 quitatem,
343 1530 418 1571 nam
440 1509 535 1571 etiam
554 1506 607 1571 hic
627 1505 782 1570 habemus
803 1499 906 1586 τόμος
927 1502 1049 1586 (τόμτω
1071 1515 1104 1570 et
1126 1497 1240 1586 όντομτ

155 1605 346 1692 compluries
378 1608 413 1670 in
440 1606 560 1670 tabulis
589 1605 741 1686 Hercul).
786 1607 910 1669 Tamen
936 1628 1018 1693 opus
1044 1616 1117 1669 erat
1137 1607 1173 1670 id
1194 1628 1240 1670 co:

156 1705 279 1788 cedere,
302 1709 373 1790 quis
395 1707 479 1770 enim
502 1705 614 1772 credat
635 1743 676 1752 —
697 1729 772 1771 nam
793 1700 902 1786 τόμτω
926 1716 975 1768 est
988 1705 1211 1770 Herodoteum
1224 1742 1240 1752 -

154 1815 190 1870 et⁴
207 1806 385 1871 Dorienses
408 1807 439 1868 et
459 1805 567 1887 Ionas,
589 1807 685 1870 immo
703 1808 866 1870 enimvero
886 1804 1101 1875 Athenienses
1122 1799 1240 1886 (ἔταμο

154 1911 250 1969 istam
271 1907 484 1969 rusticitatem
506 1928 569 1969 uno
593 1927 751 1970 consensu
781 1905 964 1986 affectasse,
994 1927 1033 1968 ac
1059 1927 1126 1969 non
1159 1907 1240 1988 potis

154 2007 321 2091 antiquam
344 2004 488 2070 vocalem
509 2005 544 2068 in
573 1998 684 2069 radice
705 2005 875 2070 haesisse?
919 2003 1006 2084 Quin
1028 2005 1128 2067 etiam
1148 1997 1239 2086 τρότῑ

152 2088 297 2153 lonicum
319 2097 367 2152 est
387 2109 489 2173 aeque
511 2108 550 2150 ac
565 2086 739 2152 Doricum:
761 2110 864 2175 neque
878 2087 963 2174 quod
978 2085 1092 2152 Lesbii
1115 2085 1240 2151 dicebat

153 2182 285 2272 στρόφω
310 2209 471 2252 sumemus
493 2186 528 2250 id
549 2209 591 2250 ex
610 2184 741 2275 στρέφω
758 2188 815 2255 sed
829 2189 936 2274 potius
951 2208 993 2250 ex
1007 2179 1144 2272 οτρόφω
1161 2195 1240 2250 ortut

153 2309 232 2350 esse.
263 2287 336 2350 Non
359 2287 562 2351 concedimus
585 2286 768 2353 derivativa
789 2287 900 2374 qualia
919 2280 1046 2372 τρόφος
1059 2298 1120 2351 etc.
1137 2301 1240 2371 sempr

154 2386 378 2470 praesentibus
411 2410 469 2473 per
503 2407 518 2447 c
549 2388 679 2472 scriptis
711 2410 815 2473 egere.
864 2387 948 2452 Nam
978 2384 1136 2450 habemus
1169 2380 1240 2466 βόλι

154 2487 244 2572 cujus
266 2508 420 2571 praesens
449 2478 563 2566 βάλλω
595 2494 662 2567 cst,
697 2480 837 2568 δρόμος,
868 2480 1032 2570 όέόρομα,
1067 2504 1240 2572 quamqual

151 2582 239 2648 nulla
256 2582 322 2647 alia
342 2585 461 2649 radicis
484 2585 589 2649 forma
610 2596 716 2650 exstat
731 2588 794 2651 nisi
817 2585 920 2667 δραμε
940 2594 1008 2649 tum
1032 2581 1165 2672 φθόνος
1179 2606 1240 2673 quc

153 2706 212 2768 ego
235 2685 456 2772 conjunxerim
480 2707 552 2750 cum
575 2679 697 2770 φθάνω
720 2695 755 2750 ut
781 2708 893 2750 sensus
918 2686 959 2750 sit
978 2683 1161 2767 emaum,
1183 2683 1240 2748 riu

154 2781 237 2865 latas,
253 2783 294 2849 ab
316 2785 442 2863 actione
456 2785 685 2870 praevertendi
700 2796 855 2871 sumptus,
879 2784 995 2862 (simile
1010 2785 1090 2870 quid
1107 2803 1240 2870 agnosce

150 2882 184 2944 in
200 2881 316 2947 Germ.
336 2881 536 2970 chersoctt,
560 2884 598 2948 cf.
622 2879 747 2969 ζηλόω,
780 2880 989 2969 ζηλότοτιος);
1016 2883 1134 2971 quibus
1162 2883 1240 2948 adda

152 2981 180 3044 si
201 2981 308 3067 placet
330 2975 429 3065 όμκος
451 2983 557 3048 arad.¹
572 2973 645 3065 ἄγ’κ,
671 2983 775 3049 Ourtii
790 2983 893 3049 Elem.
908 2984 1016 3070 Etym.
1031 2982 1090 3048 Gr.
1105 3006 1181 3069 pag.
1197 2989 1240 3053 121

133 3070 300 3165 'Apparet
322 3103 340 3143 ο
362 3083 396 3146 in
427 3081 477 3146 his
507 3082 663 3149 derivatis
689 3107 753 3149 non
775 3107 816 3148 ex
839 3105 854 3146 s
876 3085 1053 3166 exstitisse,
1083 3106 1189 3170 neque
1209 3103 1240 3148 vt

152 3177 441 3260 cabula-derivata
463 3205 590 3268 semper
616 3193 683 3249 tum
711 3184 839 3249 demum
862 3193 977 3248 exorta
998 3205 1069 3248 esse
1090 3194 1240 3270 postquar

153 3299 173 3338 α
197 3282 376 3363 praesentis
398 3282 431 3344 in
449 3303 464 3343 ε
486 3281 627 3348 abiisset.
670 3272 777 3349 Immo*
792 3294 971 3369 utrumque,
993 3305 1008 3346 ε
1030 3294 1061 3346 et
1084 3304 1114 3366 o,
1136 3307 1156 3348 a
1179 3304 1240 3347 com

152 3380 240 3441 muni
263 3378 408 3443 vocalia
430 3381 663 3467 profluxerunt.
708 3383 793 3448 Tum
825 3383 860 3447 fit
889 3371 931 3446 a'd
953 3382 1120 3448 meliorem
1142 3380 1240 3469 signifi

151 3480 286 3543 cationis
313 3479 548 3546 distinctionem
577 3493 628 3565 ut,
660 3505 757 3568 quum
786 3482 934 3547 derivata
964 3479 1110 3572 vocalem
1137 3483 1240 3565 fuscas

150 3589 333 3662 assumant,
363 3603 533 3666 praesens,
563 3582 648 3668 quod
677 3583 864 3670 plerumque
891 3585 1030 3648 aoristus
1052 3583 1240 3667 futurumqu

150 3669 343 3763 sequuntur,
371 3681 406 3743 in
433 3679 567 3744 alteram
600 3692 725 3767 partem
755 3706 892 3769 vergens
920 3683 1062 3769 accipiat
1090 3681 1240 3746 clarioren

151 3799 266 3841 sonum
289 3799 311 3857 ε,
337 3779 393 3843 sed
416 3779 451 3843 id
472 3802 537 3843 non
559 3803 598 3845 ea
620 3782 767 3847 videmus
784 3784 966 3849 constantia
979 3782 1051 3847 fieri
1066 3784 1143 3870 quin
1163 3783 1240 3844 inter

217 3996 258 4061 10)
279 3993 407 4048 Berichte
426 3994 474 4047 der
491 3995 527 4049 K.
547 3994 642 4052 Sdchs.
662 3996 725 4052 Ges.
744 4000 792 4052 der
809 3999 900 4067 Wiss,
921 3996 994 4053 1864.
