2836 4784
445 331 479 385 de
495 329 700 403 praepositione
720 329 805 402 παρά.
1140 335 1180 400 95

62 508 160 579 stant,
182 500 217 567 in
239 497 358 586 qulbus
382 519 455 562 eam
482 499 549 562 vim
572 493 676 563 Ἰιεοει
704 498 904 584 praepositio
926 505 962 560 ut
982 495 1084 562 verbo
1105 519 1180 562 con-

61 599 204 662 trarium
227 619 357 662 sensum
379 597 472 661 indat
495 600 565 662 sive
587 597 752 684 exprimat
777 598 811 661 in
840 596 957 661 malam
980 605 1106 682 partem
1129 617 1180 660 ac·

65 696 254 783 cipiendum
270 718 341 760 esse
353 695 387 762 b.
403 719 431 760 e.
445 718 558 782 prave,
580 696 674 779 male,
696 718 869 782 perperam
884 695 955 758 fieri
975 694 1063 779 quod
1077 693 1179 760 verbo

62 817 122 884 per
146 819 183 861 ee
207 797 345 861 dicatur.

149 894 280 976 Quibus
302 894 412 959 verbis
434 895 530 981 plura
556 895 741 980 linguarum
763 895 1024 980 germanicarum
1044 915 1179 980 respon·

63 993 155 1077 dent,
178 994 300 1082 quibus
317 994 549 1079 inseparabilis
571 993 732 1081 particula
750 993 823 1078 fra·
843 999 935 1078 (got.)
954 993 1027 1078 far-
1048 989 1180 1070 (theod.)

61 1099 156 1170 (aar)
175 1092 324 1180 praefixa
346 1105 403 1175 est,
427 1115 510 1179 quae
526 1093 707 1179 particulae
725 1115 800 1156 cum
815 1114 856 1156 ex
874 1091 988 1156 eadem
1005 1113 1070 1178 qua
1086 1084 1180 1174 παρά

69 1191 180 1258 radice
203 1192 371 1257 derivatae
393 1206 468 1256 sunt
489 1202 556 1257 tum
578 1195 613 1257 in
629 1191 824 1277 quibusdam
844 1191 954 1258 verbis
976 1190 1114 1257 eundem
1131 1193 1179 1256 in·

71 1289 231 1356 tellectum
253 1288 375 1355 habent
395 1289 484 1355 velut
504 1293 538 1356 in
556 1289 743 1377 frooodrlat
763 1301 933 1377 peccatum
954 1290 974 1353 i.
997 1313 1022 1355 e.
1046 1289 1179 1373 malum,

80 1412 208 1477 pravum
241 1411 333 1477 opus.
379 1389 499 1475 ferato
527 1399 739 1477 contemptus.
786 1389 953 1475 ferclasumt
985 1389 1180 1477 desperatio.

85 1488 258 1574 fropua'tleara
270 1487 474 1554 maledicere.
507 1490 656 1576 Linguae
671 1490 851 1553 sanseritae
865 1490 1064 1574 paucissima
1076 1489 1180 1555 verba

93 1608 147 1652 cnm
157 1591 245 1674 perd
266 1591 447 1674 composita
467 1589 552 1653 hanc
573 1591 640 1653 vim
670 1587 799 1652 habent
842 1587 924 1652 Sunt
944 1586 1078 1672 paredo
1104 1611 1179 1676 per-

94 1683 162 1753 dere.¹
172 1686 289 1772 pare-i
305 1689 435 1774 per-ire.
479 1689 662 1753 Verborum
686 1688 941 1772 compositorum
960 1709 1099 1774 graecae
1119 1687 1179 1753 lin·
1245 1756 1247 1760 Α

98 1806 156 1868 guae
170 1809 253 1875 quae
266 1787 352 1851 hunc
367 1787 564 1852 intellectum
579 1785 837 1873 praeseferunt,
860 1787 1036 1852 maximam
1052 1795 1179 1872 partem

96 1885 140 1948 nisi
154 1887 240 1973 apud
263 1889 440 1973 scriptores
459 1887 712 1967 recentissimos,
735 1884 825 1972 apud
845 1887 1086 1969 grammaticos,
1112 1886 1178 1974 By„

97 1988 225 2070 zanfinos,
247 1987 423 2072 scriptores
437 1986 514 2051 eccl.
533 2008 599 2051 non
619 1985 758 2071 reperiri
779 1985 873 2049 nobis
887 1983 1103 2049 confitendum
1120 1993 1179 2049 est.

97 2078 153 2149 Sunt
170 2095 278 2150 autem
299 2085 390 2150 haec.

126 2222 129 2230 ·
152 2185 189 2250 A.
209 2184 323 2250 Verba
344 2207 418 2248 cum
431 2177 524 2263 παρά
548 2184 728 2269 composita
743 2182 862 2269 quibus
883 2184 1083 2269 praepositio
1105 2205 1179 2248 con-

94 2281 204 2347 trariam
236 2283 306 2347 sive
337 2293 511 2370 negantem
543 2282 814 2368 significationem
849 2283 942 2348 indit.
985 2282 1040 2346 Ex
1060 2283 1179 2347 Atticis

92 2381 285 2467 tuiptoribus
302 2383 396 2449 Plato
420 2382 656 2466 παραβοηθεῖν
677 2383 849 2468 usurpavit
868 2405 937 2468 rep.
956 2382 1008 2446 IX
1029 2388 1101 2448 572.
1125 2383 1178 2446 oui

91 2482 253 2566 oppositum
275 2491 325 2546 est
344 2483 495 2569 βοηθεῖν.
535 2480 667 2567 Polybii
687 2489 720 2545 et
739 2480 879 2545 Diodori
901 2489 951 2545 est
971 2473 1179 2564 παροπλίζο-

88 2581 150 2641 aean
176 2587 294 2667 (pass.)
330 2583 431 2646 armis
464 2583 607 2668 privari;
637 2574 914 2662 παροπλίζεοθαι
946 2576 1052 2659 (med)
1086 2603 1179 2645 arma
1227 2603 1231 2610 ’

73 2689 198 2754 ponere.
240 2676 450 2762 παρακούειν
480 2679 596 2766 Polyb.
629 2679 664 2744 H
691 2685 721 2762 8,
744 2685 770 2746 3.
802 2678 852 2744 III
886 2687 934 2762 15,
957 2685 995 2745 ’2.
1029 2680 1178 2766 querelas

70 2788 221 2862 ⁸pernere
232 2782 328 2866 quasi
339 2780 514 2846 inauditas.
526 2773 624 2860 μέχρι
636 2772 696 2858 μὲν
712 2770 811 2861 ὀλίγα
824 2770 1053 2864 ἠδικούμην-
1067 2771 1105 2844 οὐ
1116 2782 1180 2860 βα-

62 2871 150 2953 ρέως
167 2871 289 2964 ἔφερον
308 2875 365 2964 τὴν
386 2873 516 2964 βλάβην
536 2875 592 2941 καὶ
611 2870 806 2961 παρήκουον
826 2874 898 2942 ἔνια
912 2880 978 2941 τῶν
992 2874 1178 2961 λεγομένων

59 2959 135 3040 ὑπὸ
153 2973 368 3063 μετριότητος
388 2979 480 3045 Luc..
490 2977 555 3043 iud.
571 2975 675 3042 vocal.
688 2979 731 3042 in.
754 2978 918 3061 ,simulare
940 2978 1084 3063 surdum,
1105 3002 1178 3044 cum

55 3082 143 3139 Vere
162 3075 276 3141 audita
297 3088 329 3142 et
350 3088 437 3142 recte
454 3086 610 3164 percepta
623 3100 688 3142 non
706 3077 872 3143 audivisse
889 3078 995 3143 videri
1010 3078 1178 3144 volumns‘.

51 3159 219 3239 Reiskius
240 3175 274 3240 iu
289 3176 463 3243 Animadv.
486 3176 531 3242 ad
552 3186 635 3241 auct.
657 3200 704 3262 gr.
728 3177 776 3241 IV
791 3183 830 3246 88
849 3201 895 3263 sq.
918 3171 1083 3265 παρακοὴ.
1104 3201 1180 3266 ορρι

53 3254 150 3358 ἀκοή
176 3273 399 3341 inobedientia
423 3275 466 3342 cf.
497 3274 598 3340 schol.
625 3276 681 3342 Ar.
710 3277 794 3342 Ran.
823 3283 892 3344 762.
935 3274 1179 3360 παραγγέλλειν
1301 3306 1304 3311 ·

52 3360 265 3438 interdicere
275 3384 389 3441 votare
408 3377 490 3442 Nov.
511 3373 600 3440 Test.
628 3377 843 3458 παρακοροῦν
864 3398 941 3463 opp.
954 3379 1095 3458 Ιιιοροῦν,
1120 3377 1177 3442 ali·
1272 3387 1276 3394 '

56 3471 146 3548 qnid
156 3473 284 3538 irritum
304 3474 423 3556 facero,
447 3472 547 3539 semel
565 3472 653 3559 apud
669 3473 901 3560 Symmachum
914 3475 1045 3562 legitur.
1065 3497 1178 3559 παρα-

58 3571 174 3648 scaev,
197 3567 424 3656 παρατίμησις
451 3572 523 3638 Lib.
548 3573 618 3638 Sor.
640 3574 716 3638 eccl.
739 3597 799 3660 pro
820 3575 912 3640 nihili
934 3576 1061 3640 ducere.
1089 3596 1178 3660 παρ-

66 3670 292 3753 ἐνθυμεῖσθαι
309 3672 413 3736 Marc.
425 3672 502 3737 Ant.
516 3672 600 3753 Phil.
624 3671 935 3755 παραδειπνεῖοθαι
950 3696 1032 3739 cena
1051 3675 1177 3760 privari

70 3756 229 3856 Tbeopbr.
244 3771 340 3859 char.
364 3769 494 3836 VIIII.
515 3773 556 3836 cf.
575 3771 693 3837 Valck.
714 3772 821 3839 Schol.
844 3772 887 3838 ad
909 3775 991 3839 Nov.
1012 3773 1177 3840 T.11421.

77 3865 308 3954 παραγόρεοσις
329 3872 467 3956 negatio.
489 3869 617 3959 Ioseph.
641 3882 705 3936 ant.
725 3872 797 3937 Iud
819 3872 933 3936 XVIII
955 3878 985 3953 9,
1007 3878 1035 3936 2.
1057 3872 1136 3939 Hes

151 3965 187 4031 B.
217 3964 312 4056 παρά
332 3971 367 4034 in
389 3972 575 4056 compositis
598 3973 787 4059 saepissime
810 3971 973 4057 significat
990 3970 1087 4058 falae,
1104 3994 1177 4056 per·
