2836 4784
436 342 472 396 de
487 340 691 413 praepositione
713 341 797 412 παρά.
1134 351 1174 416 83

63 511 199 591 temnite,
224 508 379 575 arbitrati
407 507 448 572 ab
475 507 525 572 to
548 531 611 574 που
632 509 770 594 peredere
793 520 852 574 etc.
880 507 1029 596 ε1παρά
1059 514 1176 575 τοῦτον

70 603 218 690 γενέσθαι
240 604 301 694 τὴν
321 601 486 691 σωτηρίαν
506 608 754 695 apndeundem
775 610 823 673 VI
844 615 892 676 52.
912 610 994 696 Lyc.
1016 633 1042 676 c.
1055 611 1175 677 Leocr.

73 712 179 777 1161
207 713 259 779 66.
287 706 364 772 Din.
394 707 480 774 172.
521 702 609 771 πάνυ
644 695 705 791 γάρ
739 706 832 788 παρὰ
867 711 965 772 τοῦτο
995 704 1107 791 γέγονε
1132 706 1175 771 τὰ

14 850 17 855 .
76 808 122 867 τῶν
138 798 306 891 Ἑλλήνων
327 806 422 871 Dcm
444 805 485 871 de
507 829 572 872 cor,
596 813 665 874 232.
693 803 805 869 πολλὰ
825 803 886 889 μὲν
908 799 965 872 σάν
987 802 1068 884 ἴσως
1090 803 1176 873 ἐστὶν

10 919 17 957 1
80 897 153 968 cissa
173 900 301 982 τούτων
322 901 380 968 καί
399 897 437 968 οὐ
459 929 529 990 παρ
535 898 605 970 ’ὃν
627 899 706 971 οὐδὲ
735 899 847 970 δύο
818 928 865 982 εις
885 928 983 972 τουτο
1004 905 1045 971 τὰ
1067 903 1176 991 rrpciy·

10 1015 20 1053 1
84 1026 153 1083 ματα
172 996 317 1090 ἀφῖκται
337 1004 382 1071 id.
402 1004 485 1069 Phil
507 1005 598 1072 1112.
628 1008 696 1068 τιῦν
717 1002 778 1088 γὰρ
803 998 955 1069 dtbcv‘
938 1002 1096 1070 απάντιον
1118 1005 1176 1072 καί

10 1092 31 1167 i?
87 1099 248 1167 ποιοάντιον
271 1100 292 1166 ά
287 1093 427 1166 δεῖ-
451 1095 600 1169 ovodv’*
578 1127 619 1167 οιν
645 1101 738 1186 παρὰ
765 1096 852 1168 τοῦτ
877 1099 995 1187 οἴομαι
1017 1103 1175 1189 γενέσθαι

88 1203 116 1266 11
131 1203 224 1268 XXV
248 1207 287 1268 48
317 1209 413 1290 (quae
445 1205 549 1270 oratio
570 1206 683 1290 spuria
703 1204 865 1282 habetur.)
907 1198 944 1267 σί
967 1203 1061 1324 παρὰ
1089 1203 1175 1288 μέγα

30 1392 32 1397 Ι
91 1297 137 1364 imi
154 1305 283 1368 Arrian.
302 1302 408 1370 Anab.
428 1303 446 1368 Ι
468 1309 515 1384 18,
541 1309 594 1386 113
616 1307 665 1386 23,
688 1309 716 1368 5.
748 1295 786 1367 σά
810 1326 878 1386 παρ
883 1295 1032 1368 ’ἕνα
995 1328 1036 1369 τα
1058 1302 1175 1390 Σπάρ-

91 1422 129 1476 τος
144 1403 222 1468 Ρ1111.
243 1401 326 1469 Mor.
349 1406 411 1468 222
432 1401 472 1469 F.
502 1403 556 1467 vit
585 1401 697 1488 Pelop.
719 1401 753 1468 II
775 1405 795 1468 i.
817 1427 842 1468 e.
872 1426 936 1470 non
964 1407 999 1470 in
1025 1429 1089 1473 uno
1118 1408 1174 1473 ho·
1220 1470 1222 1476 .

30 1560 35 1593 ·.
92 1503 151 1566 uine
170 1501 254 1567 seius
278 1499 418 1588 Spartae
448 1504 556 1590 posita
584 1511 641 1567 est.
686 1501 726 1566 de
757 1525 821 1590 quo
849 1527 909 1568 usu
936 1504 1122 1570 doctissime
1143 1515 1176 1572 et

30 1602 33 1635 ³
94 1602 248 1666 scndssime
270 1601 418 1688 pluribus
439 1598 655 1667 recentiorum
680 1604 878 1688 scriptorum
894 1604 1052 1690 exemplis
1065 1604 1175 1672 allatis

18 1708 27 1760 ⁴.
93 1696 217 1767 disseruit
235 1701 508 1788 Wyttenbachius
531 1701 590 1778 (Pi.
614 1700 729 1766 Moral.
753 1701 798 1766 VI
819 1725 849 1788 p.
876 1709 977 1780 1059.)

147 1793 235 1886 παρά
263 1800 429 1866 intellectu
457 1800 598 1866 caussaii
621 1801 711 1888 apud
742 1803 916 1886 scriptores
941 1802 1068 1868 Atticos
1096 1827 1172 1869 raro

28 1948 32 1989 3
92 1910 251 1988 usurpatum
279 1910 329 1965 est
355 1922 548 1988 semperque
578 1923 650 1966 cum
679 1899 893 1965 substantivis
921 1901 1093 1967 abstractis
1121 1903 1173 1968 vei

10 2004 31 2058 1.·
91 2002 181 2065 neutris
203 2001 419 2065 coniunctum

10 2112 21 2152 1
135 2099 270 2165 Primus
284 2098 447 2164 Pindarus
462 2100 702 2186 praepositione
722 2098 785 2163 hac
809 2065 968 2163 sententia
986 2121 1064 2164 usus
1084 2101 1173 2165 vide·

10 2208 17 2290 1
88 2201 121 2260 tur
135 2223 202 2265 esse
224 2220 263 2263 συ
253 2191 392 2276 ’χθόνα
415 2191 633 2280 ταράσσοντες
654 2193 689 2260 ἐν
701 2194 799 2280 χερὸς
820 2190 912 2282 άκμᾴ
935 2190 1014 2259 οὐδὲ
1036 2193 1174 2262 πόντιον

83 2286 148 2383 ὕδωρ
168 2295 284 2363 κεινὰν
309 2293 423 2378 παρὰ
419 2291 597 2362 δίαιταν
588 2321 610 2360 1
630 2319 658 2363 e.
681 2297 761 2361 ad
752 2319 881 2361 manem
902 2299 1022 2362 victum
1044 2319 1172 2385 compa·

85 2399 197 2466 randum
217 2398 351 2485 Olymp
373 2397 409 2462 Π
418 2404 476 2464 ..71
519 2396 656 2482 Singula
677 2395 771 2512 apud
787 2395 1013 2481 Thucydidem
1036 2409 1068 2461 et
1082 2397 1172 2462 Anti·

88 2494 212 2579 phontem
235 2497 387 2583 exempla
407 2505 547 2562 exstant.
580 2492 673 2577 παρὰ
687 2493 744 2581 τὴν
758 2516 874 2558 εαυτου
861 2488 1103 2576 ἀμέλειαν”
1065 2518 1173 2560 οιεται

80 2590 206 2684 βλάψειν
228 2597 330 2662 'Phua
350 2595 368 2659 I
393 2603 493 2679 1417
516 2605 548 2660 et
569 2592 730 2678 δηλοῦται
750 2590 844 2675 παρὰ
865 2590 922 2680 τὴν
942 2587 1043 2658 αὐτου
1066 2589 1176 2678 άμαρι

73 2687 133 2758 τίον
157 2697 237 2762 Ant
261 2692 362 2778 ffld,
385 2702 413 2763 5.
455 2693 590 2781 Tragici
616 2704 733 2782 poetae
762 2703 794 2758 et
823 2694 1060 2781 Aristophanes
1093 2693 1173 2758 nihil

69 2796 217 2862 eiusmodi
240 2794 407 2882 praebent.
429 2794 551 2859 Verum
567 2794 643 2858 inde
660 2817 680 2858 a
693 2793 815 2861 Demos
818 2794 923 2858 thenis
946 2801 1051 2857 aetate
1071 2789 1173 2857 incre

63 2888 185 2961 bruisse
200 2895 286 2960 hanc
301 2894 604 2959 dicendi-rationem
620 2903 767 2980 apparet.
788 2891 1024 2971 Demosthenes
1040 2891 1172 2978 scripsit

60 2985 136 3058 odii
152 2991 232 3077 peip
264 2981 360 3069 οὗτος
388 2992 589 3079 (Phiiippus)
618 2989 711 3075 παρὰ
745 2989 803 3078 τὴν
839 2985 938 3054 αὑτοῦ
971 2985 1084 3076 ῥώμην
1114 3013 1171 3055 το·
1267 3077 1270 3081 Δ

52 3096 176 3158 coecos
203 3087 385 3179 ἐπηύξηται
414 3085 494 3155 ὅσον
522 3087 615 3176 παρὰ
642 3087 700 3175 τὴν
722 3084 880 3177 ἡμετέραν
902 3085 1064 3170 ἀμέλειαν
1089 3090 1172 3156 Phil.

49 3184 144 3259 111.
188 3191 329 3259 1111196
362 3196 469 3278 (quem
501 3190 607 3256 locum
637 3192 716 3254 citat
746 3192 979 3277 grammaticus
1005 3191 1039 3254 in
1063 3189 1171 3255 Bekk.

46 3291 181 3357 Aneod.
202 3292 220 3355 I
243 3294 301 3358 163
324 3285 432 3374 παρά·
461 3281 533 3353 <ivri
563 3292 620 3375 τῆς
649 3286 716 3353 διά.
759 3285 797 3353 ἐκ
818 3292 876 3353 τοῦ
898 3286 983 3352 κατὰ
1005 3282 1171 3352 Μειδίου·

47 3386 115 3454 καί
135 3391 240 3453 ταῦτα
261 3384 437 3453 πέπονθεν
459 3394 531 3466 etc.)
551 3388 592 3454 ds
613 3388 685 3454 fals.
705 3388 766 3475 leg.
789 3394 838 3454 42.
858 3388 1010 3453 XXXIV
1028 3394 1076 3454 52.
1094 3387 1172 3453 LVI
1215 3456 1221 3466 ,

49 3491 108 3555 34.
150 3481 247 3571 ε’ίπερ
277 3483 442 3567 ἐνεδέχετο
471 3484 565 3569 παρὰ
594 3485 672 3564 τοὺς
692 3482 862 3572 παρόντας
884 3480 1022 3569 καιρούς
1044 3488 1084 3551 de
1106 3508 1171 3552 cor.

47 3588 209 3656 21111.
234 3588 261 3653 si
281 3587 354 3658 fieri
376 3597 504 3674 poterat
531 3609 591 3674 per
620 3589 762 3654 rationes
790 3598 971 3673 temporum
1000 3597 1170 3671 quactum

53 3697 158 3755 erant
201 3681 295 3771 παρὰ
314 3682 458 3769 μὲνγὰρ
479 3681 619 3761 odgini
644 3691 708 3749 τῶν
735 3689 907 3771 χοιρηγιῶν
934 3679 1087 3758 δαπάνας
1110 3705 1169 3763 μι-

51 3781 137 3863 κρὸν
155 3780 279 3873 ἡμέρας
298 3781 400 3869 μέρος
421 3781 440 3872 ἡ
460 3779 557 3866 χάρις
577 3785 648 3860 τοῖς
661 3781 849 3867 θεωμένοις
866 3779 958 3872 ἡμῶν
969 3776 1054 3846 ἐστί·
1076 3777 1168 3866 παρὰ

62 3877 102 3942 dd
127 3881 186 3961 τὰς
218 3886 285 3949 τῶν
315 3877 363 3960 εἰς
394 3881 452 3948 τὸν
479 3880 630 3965 πόλεμον
662 3887 882 3969 παρασκευῶν
911 3875 1083 3970 ἀφθονίας
1109 3891 1168 3946 eto.
1202 3904 1209 3917 ⁴

62 3973 152 4067 Lept.
181 3990 231 4051 26.
287 3983 342 4048 Ex
380 3980 582 4052 orationibus
614 4007 696 4072 quae
735 3988 866 4072 spuriae
896 3983 1056 4049 habentur
1087 3979 1170 4046 haec

922 4081 959 4136 61
