2836 4784
816 396 880 452 Rau

800 649 892 728 517.

369 763 496 843 Quibus
520 765 679 850 expositis
708 772 743 828 ut
769 763 865 827 finem
886 762 963 827 huic
983 763 1213 850 disputationis
1237 766 1321 851 parti
1339 768 1385 829 im-

284 885 441 949 ponamus
479 871 642 949 postremo
670 861 711 926 de
742 862 947 948 neglegentia
975 863 1134 947 quadam,
1165 866 1387 930 recentioribus

285 961 498 1049 scriptoribus
521 963 670 1049 propria,
699 961 871 1025 dicendum
898 961 1027 1025 videtur
1049 984 1134 1044 esse,
1163 965 1219 1049 qui
1241 964 1388 1028 derebus

286 1084 369 1148 quae
389 1061 425 1125 ίο
447 1061 555 1148 aliquo
582 1060 654 1124 loco
681 1061 809 1125 versari
831 1060 988 1125 dicendae
1011 1071 1104 1125 erant
1124 1065 1387 1148 praepositionem

284 1154 377 1241 παρά
402 1183 429 1224 c.
449 1161 515 1224 dat.
538 1169 786 1245 usurpaverunt

368 1258 452 1323 Cum
479 1259 568 1345 apud
596 1259 722 1323 Atticos
753 1260 927 1344 scriptores
946 1257 1070 1323 nullum
1092 1261 1161 1324 aius
1184 1261 1274 1326 modi
1295 1282 1389 1325 exem·

285 1358 375 1445 plum
390 1360 604 1444 reppererim,
626 1379 729 1441 neque
744 1367 875 1422 exstare
889 1358 1066 1423 verisimile
1082 1360 1133 1441 sit,
1146 1359 1256 1425 locum
1272 1359 1388 1426 Cratini

286 1458 400 1522 comici
423 1456 532 1531 (Mein.
552 1457 583 1520 II
609 1464 634 1538 1,
661 1463 731 1535 116)
764 1453 856 1538 παρὰ
887 1453 978 1537 χερσὶ
1011 1453 1048 1521 δὲ
1079 1456 1185 1544 μῆλον
1215 1453 1302 1537 ἔχων
1329 1481 1390 1523 cum

284 1555 449 1619 Meinekio
463 1557 497 1618 in
512 1552 594 1635 μετὰ
610 1552 703 1638 χερσί
717 1565 775 1621 eto.
795 1555 1024 1640 corrigendum
1039 1560 1234 1644 putaverim.
1257 1559 1390 1623 Maxime

285 1663 402 1741 poetae
425 1655 511 1739 epici
532 1657 728 1720 recentiores
754 1653 834 1719 talia
856 1655 1006 1740 exempla
1028 1656 1187 1743 praebent
1206 1657 1296 1723 velut
1317 1658 1390 1722 Non·

284 1775 360 1817 nus:
383 1745 517 1838 ἑσπερίη
539 1751 631 1836 παρὰ
653 1747 751 1840 λίμνη
772 1746 863 1832 ίχνος
885 1748 1025 1816 ἔλουσαν
1043 1756 1229 1822 XXXVIII
1246 1763 1305 1824 468
1321 1745 1387 1837 παρ’

282 1845 449 1916 Ἀσωποῖο
480 1848 636 1934 ῥεέθροις
668 1849 832 1938 λουομένη
863 1854 907 1918 id.
933 1852 998 1917 VII
1027 1860 1086 1922 180
1119 1846 1277 1936 ἀνέμοισι
1309 1850 1389 1941 παρὰ

287 1947 397 2038 δάφνη
420 1944 541 2013 σείετο·
559 1946 670 2035 φύλλα
698 1953 740 2017 id.
762 1953 813 2017 III
839 1961 905 2035 147,
936 1952 995 2017 sed
1021 1954 1126 2040 ipsius
1155 1954 1242 2020 lauri
1270 1954 1389 2021 frondes

285 2054 392 2116 ventis
415 2051 643 2116 movebantur:
665 2048 758 2133 παρὰ
775 2046 897 2115 θυιάδι
912 2049 1001 2139 ληνῷ
1024 2047 1143 2136 βότρις
1164 2053 1283 2118 ποδῶν
1303 2045 1388 2116 ἐθλί-

287 2155 364 2233 βετο
397 2148 522 2233 παλμῴ
549 2148 598 2215 id.
625 2150 642 2214 Ι
672 2157 711 2219 32
743 2146 852 2236 πήξας
883 2147 977 2233 παρὰ
1005 2147 1105 2229 χθονί
1138 2149 1284 2233 βέλεμνα
1314 2151 1386 2236 Opp.

288 2250 411 2337 Cyneg.
438 2250 472 2313 Π
498 2255 568 2316 468.
612 2250 721 2329 Quint.
750 2251 879 2336 Smyrn.
901 2251 952 2315 III
975 2258 1045 2317 741.
1071 2251 1105 2315 Χ
1127 2257 1197 2318 326.
1226 2251 1311 2317 ΧΙΠ
1330 2255 1386 2317 363.

286 2349 370 2413 Vide
397 2347 581 2434 Kbchlyum
616 2349 658 2412 ad
689 2349 750 2429 Qu.
778 2350 844 2415 Sm.
873 2351 920 2416 IV
948 2357 966 2416 6
994 2349 1247 2435 diligentissime
1273 2352 1313 2415 de
1336 2350 1386 2413 hoc

285 2471 347 2512 usu
367 2446 593 2532 disputantem.
678 2479 680 2482 ⁴

367 2546 439 2611 Iam
460 2554 562 2610 restat
583 2553 618 2607 ut

794 2763 814 2842 ἓ
840 2767 886 2829 18.

285 2898 331 2961 de
353 2920 426 2962 usu
447 2895 785 2983 praepositionis
808 2888 920 2976 παρά
944 2915 1031 2958 cum
1060 2896 1335 2962 substantivis
1353 2900 1381 2957 el

543 2992 863 3081 pronominibus
886 2994 1135 3059 coniunctae

284 3144 372 3210 nullo
399 3145 501 3209 verbo
529 3142 641 3208 addito
673 3143 787 3229 paucis
817 3165 968 3229 agamus,
996 3145 1053 3229 qui
1078 3167 1156 3209 usus
1186 3167 1228 3210 ex
1250 3147 1296 3211 eis
1315 3161 1384 3232 quae

284 3246 350 3309 iam
370 3242 581 3308 disseruimus
602 3241 757 3307 facillime
780 3242 939 3328 explicari
961 3251 1077 3329 potest.

310 3376 329 3398 ⁴,
367 3343 579 3408 Homericum
607 3340 791 3427 exemplum
819 3344 1071 3428 praepositionis
1100 3336 1194 3424 πυροί
1224 3365 1299 3409 cum
1327 3340 1388 3406 solo

284 3442 487 3508 substantivo
504 3443 694 3507 coniunctae
712 3462 776 3506 non
797 3449 914 3507 exstat.
942 3440 1074 3506 Localis
1095 3442 1390 3529 notioplerumque

284 3551 414 3606 servata
437 3551 500 3631 est,
528 3544 574 3606 ita
603 3550 640 3606 ut
659 3540 762 3606 verba
789 3527 877 3602 εἶναι
896 3534 1080 3624 διατρίβειν
1105 3541 1223 3606 similia
1245 3540 1392 3606 facillime

197 3666 207 3689 ·
283 3637 479 3726 cogitatione
506 3641 584 3706 addi
612 3643 745 3726 possint.
774 3634 851 3713 τοὺς
878 3635 970 3720 παρὰ
992 3632 1090 3725 σφίσι
1117 3634 1272 3725 φυγάδας
1293 3641 1390 3704 Thus.

282 3740 331 3806 VI
353 3748 381 3806 7.
404 3735 438 3802 ἐν
458 3734 535 3821 ὑμῖν
554 3740 626 3814 τοῖς
645 3730 727 3820 παρ’
742 3729 885 3823 Εὐρώτᾳ
899 3736 978 3804 Eur.
992 3738 1095 3804 Andr.
1111 3744 1180 3806 437.
1193 3733 1244 3814 τίς
1265 3738 1392 3824 θνητῶν

199 3837 200 3840 ’
282 3833 365 3921 παρ’
385 3834 482 3925 (Ἅιδη
503 3839 546 3904 id.
567 3839 664 3902 Herc.
687 3837 765 3901 Fur.
787 3836 961 3902 49111111.
990 3843 1076 3905 1059,
1103 3833 1164 3913 τὰς
1184 3831 1269 3921 παρ’
1294 3831 1392 3910 ἱστοῖς

254 3930 467 4000 -ἐκλιποῦσα
498 3930 653 4017 κερκίδας
681 3936 761 4000 Εαι.
784 3935 903 4002 Bacch.
936 3942 1021 4004 1236.
1064 3930 1212 4021 ἐμπόρια
1242 3933 1284 4000 τὰ
1310 3925 1386 4018 παρ’

279 4029 358 4116 ὑμῖν
383 4037 477 4102 Deru.
499 4035 562 4102 VH
587 4042 633 4102 12.
662 4031 739 4110 τοὺς
765 4031 858 4120 παρὰ
885 4035 957 4110 τοῖς
987 4028 1102 4122 φίλοις
1123 4028 1292 4114 πλούτους
1311 4037 1388 4102 Xon.
