2836 4784
157 383 198 445 64
533 432 536 437 ,
681 376 755 431 Rau
804 427 808 431 .

153 533 238 625 παρ’
263 535 328 623 ἁμὲ
348 536 577 624 πολυτίματος
598 531 683 631 ᾇπερ
703 541 756 609 τοὶ
778 547 865 612 θεοί.
891 545 972 610 haec
991 546 1075 613 enim
1089 543 1194 610 verba
1213 543 1265 609 ho-

157 644 254 708 minis
279 641 438 728 Megarici
460 653 534 708 sunt
555 646 694 729 agrestis
722 654 819 732 atque
839 643 962 708 inculti.
1005 644 1118 730 Neque
1139 642 1266 729 Thucy-

158 741 244 806 didis
265 740 356 808 locus
377 737 525 825 τριήρεις
545 740 639 823 παρὰ
662 734 752 829 σῖφᾶς
772 744 943 823 παροῦσαι
973 742 1189 828 corrigendus
1212 752 1266 824 est,

151 864 231 924 ,cum
253 844 402 906 attractio
425 842 585 929 quaedam
606 843 777 907 statuenda
804 845 862 906 sit:
886 834 1035 925 τριήρεις
1062 838 1155 924 παρὰ
1184 842 1270 926 σφᾶς

157 935 463 1025 παραγεγενημένοι
486 938 543 1003 καὶ
567 937 658 1021 παρὰ
687 936 781 1025 σφίσι
801 943 980 1026 παροῦσαι.
1017 941 1075 1005 sed
1095 940 1184 1027 apud
1205 937 1267 1004 He-

155 1040 306 1108 rodotum
328 1034 547 1102 πυνθάνεσθε
571 1037 608 1103 δὲ
629 1035 766 1121 animia
795 1042 848 1101 νῦν
880 1033 963 1123 παρ’
994 1034 1049 1122 ἐμὲ
1070 1035 1191 1103 ἐοῦσαν
1214 1032 1269 1101 δύα

157 1132 257 1219 ναμιν
279 1142 486 1208 accusativus
507 1142 541 1203 in
563 1140 710 1206 datiuum
724 1141 897 1205 mutandus
916 1150 965 1204 est
979 1148 1090 1228 utpote
1105 1140 1161 1226 qui
1182 1137 1269 1202 nulla

157 1240 282 1303 ratione
304 1241 455 1303 excusari
475 1242 588 1325 possit.
608 1238 815 1307 Intolerabile
836 1240 933 1307 etiam
956 1249 1004 1303 est
1025 1238 1113 1326 quod
1131 1238 1269 1324 legimus

157 1337 246 1424 apud
268 1337 518 1426 Xenophontem
538 1338 657 1415 (Anah.
679 1339 695 1403 Ι
714 1345 742 1406 9.
765 1345 816 1416 31)
847 1331 982 1414 Ιπαντες
1006 1331 1037 1401 οὶ
1059 1328 1142 1417 παρ’
1167 1329 1268 1400 αὐτὸν

157 1431 255 1521 φίλοι
273 1434 330 1500 καὶ
350 1432 565 1518 συντράπεζοι
588 1431 776 1520 ἀπέθανον,
798 1437 854 1502 ubi
876 1448 932 1502 aut
953 1438 996 1503 ad
1017 1436 1185 1522 exemplar
1208 1436 1269 1501 loci

154 1537 172 1600 Ι
195 1544 205 1601 1
212 1545 264 1621 ‚¹5
284 1528 366 1621 παρ’
390 1528 485 1620 αὐτῷ
508 1547 565 1602 aut
591 1535 669 1622 περὶ
696 1529 796 1599 αὐτόν
825 1538 1033 1603 scribendum
1057 1545 1118 1601 est·
1156 1536 1269 1623 Neque

149 1635 224 1706 *ulla
252 1637 432 1722 excogitari
461 1646 569 1722 potest
596 1637 764 1702 excusatio
793 1635 1014 1702 locutionibus
1042 1630 1155 1715 μένειν
1183 1626 1266 1717 παρ’

158 1729 258 1799 αὑτόν
279 1759 362 1823 quas
383 1737 416 1799 in
439 1735 515 1822 Cyr.
537 1736 555 1802 I
576 1745 605 1818 4,
631 1742 665 1804 18
688 1744 720 1800 et
739 1735 788 1800 IV
809 1742 837 1819 2,
860 1743 899 1804 23
921 1736 1069 1821 legimus.
1104 1733 1269 1821 Equidem

156 1858 331 1921 numquam
358 1834 481 1923 putabo
509 1835 588 1900 talia
613 1834 756 1900 scribere
779 1855 895 1899 ausum
915 1857 986 1899 esse
1008 1834 1267 1921 Xenophontem,

158 1937 213 2023 qui
235 1958 307 2000 cum
330 1934 443 1999 decem
465 1943 497 1998 et
516 1958 574 1999 sex
595 1935 675 1999 loeis
697 1929 809 2014 μένειν
824 1930 917 2016 παρὰ
932 1935 996 1998 τινί
1010 1935 1198 2019 scripsisset
1213 1957 1269 1998 cur

156 2037 379 2100 accusativum
400 2034 451 2099 his
473 2034 552 2099 locis
566 2034 756 2121 praetulerit
769 2057 834 2098 non
849 2033 1018 2119 intelleg03
1041 2055 1119 2118 ergo
1137 2032 1268 2098 dativus

156 2137 190 2200 in
211 2144 303 2200 textu
329 2135 534 2219 reponendus
560 2136 629 2199 erit.
672 2134 823 2221 Denique
852 2133 942 2221 apud
961 2133 1091 2197 Isaeum
1114 2131 1208 2216 VIII,
1233 2138 1269 2215 16

157 2235 285 2300 codices
307 2233 481 2320 praebent:
522 2229 582 2308 τὰς
605 2227 721 2317 ἑορτὰς
739 2226 864 2317 ἤγομεν
886 2223 971 2316 παρ>
994 2227 1119 2295 ἐκεῖνον
1141 2226 1269 2306 πάσας·

158 2355 241 2422 quae
251 2332 355 2397 verba
369 2343 457 2397 recte
473 2355 508 2396 se
522 2332 644 2403 habere
658 2336 809 2420 quamvis
817 2333 1040 2397 Sohbmannus
1056 2330 1268 2414 contenderit,

156 2456 220 2500 non
249 2441 337 2518 puto.
380 2432 464 2498 Nam
496 2432 583 2519 quod
614 2433 657 2497 ad
687 2431 925 2497 defendendam
955 2432 1040 2496 hanc
1071 2432 1268 2517 scripturam

157 2533 251 2597 affert
298 2524 490 2617 καθήμενοιΙ
527 2523 609 2612 παρ’
652 2524 754 2622 αὐτόν
794 2530 933 2596 alienum
969 2541 1034 2615 est3
1081 2552 1160 2616 ergo
1196 2553 1268 2594 curn

79 2705 86 2712 ‚
155 2631 291 2696 Reiskio
313 2621 396 2713 παρ’
424 2622 538 2714 ἐκείνῳ
561 2631 768 2696 scribendum
790 2632 859 2695 erit.

239 2731 361 2795 Verum
388 2729 478 2816 apud
502 2734 677 2816 scriptores
705 2732 821 2794 aetatis
849 2731 1011 2794 inferioris
1039 2738 1071 2792 et
1097 2730 1132 2793 in
1153 2730 1268 2793 inscri-

57 2889 61 2896 .
156 2829 324 2917 ptionibus
346 2830 581 2896 recentioribus
609 2853 849 2915 nonnumquam
870 2823 963 2911 παρά
986 2852 1057 2892 cum
1080 2831 1266 2893 accusativo

156 2931 287 2993 omnino
309 2930 381 2992 vice
404 2924 498 3011 παρά
522 2952 593 2994 cum
617 2930 728 2994 dativo
757 2930 849 3015 fungi
877 2926 1192 3014 exempladilucida
1215 2927 1267 2992 de

156 3036 339 3093 monstrant
354 3049 457 3114 neque
471 3030 588 3092 mirum
610 3038 668 3111 est,
692 3052 763 3093 cum
787 3036 975 3114 reputamus
998 3050 1069 3092 eam
1084 3048 1155 3091 esse
1173 3049 1266 3092 εοεαε

155 3129 253 3193 sativi
265 3136 418 3192 naturam
432 3136 468 3190 ut
480 3130 584 3212 magis
593 3131 762 3214 magisque
773 3127 1001 3193 increbrescat.
1015 3126 1179 3212 Exempla
1186 3126 1267 3191 haec

155 3229 307 3315 repperi:
330 3218 411 3309 παρ’
437 3219 537 3290 αὐτὸν
558 3229 670 3308 μεῖναι
686 3227 807 3313 ¹Polyb.
827 3228 877 3292 XI
903 3229 994 3304 14¹³)
1027 3221 1282 3308 παραμεινάνω·

156 3322 256 3410 παρὰ,
271 3319 404 3388 Σωσίαν
429 3327 462 3391 in
486 3327 752 3414 inscriptionibus
782 3327 954 3414 Delphicis
981 3349 1063 3413 quas
1096 3326 1267 3391 ediderunt

154 3426 314 3492 Wescher
334 3434 368 3489 et
388 3427 533 3492 Foucait
559 3426 636 3491 XX.
665 3426 713 3490 IV
735 3432 762 3492 6.
792 3426 912 3490 XXIX
939 3435 966 3490 5.
999 3425 1061 3490 XL
1092 3432 1130 3491 17
1164 3427 1203 3492 cf.
1228 3424 1266 3491 G.

155 3525 304 3592 Curtium
324 3525 359 3589 in
381 3527 462 3591 actis
485 3548 550 3592 soc.
574 3529 685 3591 scient
702 3548 772 3591 sax.
792 3532 879 3593 1864.
894 3549 925 3611 p.
938 3531 1006 3593 229.
1028 3519 1265 3606 aucupatoriam

222 3793 263 3860 13)
281 3791 316 3846 A.
333 3791 439 3862 Liittge
467 3789 511 3858 (de
536 3787 649 3858 Polybii
674 3787 838 3846 elocutione.
873 3786 1037 3844 Nordhusae
1067 3791 1132 3844 1863
1153 3807 1181 3860 p.
1211 3790 1265 3855 ist:

153 3873 240 3946 ,παρά
259 3875 285 3932 h.
298 3874 315 3930 l.
327 3872 540 3945 praepositionis
551 3875 629 3942 apud
643 3871 703 3924 rice
720 3869 854 3942 fungitur,
873 3889 929 3942 qua
945 3873 974 3924 in
991 3887 1021 3925 re
1039 3873 1132 3926 nescio
1151 3889 1188 3927 an
1201 3871 1266 3943 quid

155 3957 277 4013 effecerit
294 3976 382 4013 sermo
401 3959 517 4027 latinus,
540 3956 618 4038 cuius
638 3955 779 4027 proprium
804 3962 845 4010 est
867 3956 1023 4010 huiusmodi
1040 3957 1169 4011 notiones
1187 3964 1265 4011 accu-

40 4069 42 4073 ·
151 4043 239 4104 satiro
257 4043 425 4114 exprimeret
