2836 4784
152 1407 185 1475 Α.
205 1411 490 1497 Westermannus,
516 1418 610 1504 cujus
639 1414 765 1479 subitae
794 1415 907 1479 mortis
928 1413 1090 1480 acerbitas
1110 1438 1183 1480 non.

132 1507 162 1574 do
182 1509 389 1596 Germaniae,
413 1514 471 1578 sed
493 1526 680 1591 cunctarum
703 1525 881 1595 terrarum,
904 1512 1075 1603 inquibus
1096 1515 1176 1579 auti-

133 1610 195 1672 tutis
217 1611 327 1674 studia
348 1612 474 1693 florent,
497 1614 615 1680 afflixit
629 1614 752 1695 doctos,
776 1613 915 1679 indicem
932 1614 1069 1680 confecit
1083 1635 1176 1698 grao-

131 1711 174 1775 uis
194 1710 407 1797 Hyperideae
428 1713 531 1800 (Lips.
557 1717 770 1796 reto—1864,
792 1713 874 1781 vlu
895 1719 1018 1802 progr.)
1041 1735 1078 1778 eo
1101 1734 1174 1779 con-

131 1828 155 1890 o,
173 1817 206 1874 ut
237 1831 320 1896 quae
341 1811 517 1878 verborum
547 1815 642 1899 copia
664 1814 842 1902 ejus'esset
864 1810 1101 1877 demonstraret
1122 1835 1175 1879 ne·

131 1916 262 1974 ttamen
299 1910 374 1973 vim
405 1920 437 1975 et
475 1913 666 1977 sententiam
706 1909 906 1998 singulorum
943 1909 1176 1977 vocabulorum

131 2018 250 2073 teneret.
304 2006 388 2074 Cum
417 2009 607 2097 Hyperides
645 2012 681 2075 in
709 2011 885 2077 verborum
917 2009 1043 2075 delectu
1069 2011 1175 2075 minus
1278 2010 1281 2017 ’

131 2105 160 2169 rit
179 2130 276 2194 quam
306 2133 465 2197 suppares
491 2120 598 2176 aetate
627 2109 766 2196 diligens
794 2118 826 2175 et
848 2109 979 2197 saepius
1001 2110 1176 2176 mutaverit

131 2201 238 2271 {lulum
262 2209 434 2274 verborum
469 2209 721 2295 significationes
753 2208 976 2297 permultaque
998 2230 1018 2273 a
1040 2209 1174 2276 comicis

131 2310 223 2370 tuatus
247 2308 299 2388 sit,
323 2310 464 2374 animum
486 2310 612 2392 induxi,
632 2307 818 2397 hujusmodi
839 2307 998 2374 vocabula
1020 2307 1173 2394 colligere

131 2402 220 2492 ulque
246 2406 384 2491 addere,
416 2409 505 2497 apud
532 2432 613 2496 quos
641 2410 772 2476 serioris
795 2410 910 2474 aetatis
933 2408 1109 2495 scriptores
1130 2406 1173 2474 le·

131 2509 179 2568 tur
206 2514 239 2569 et
268 2529 333 2594 qua
362 2508 607 2594 significatione
626 2509 715 2597 apud
742 2507 893 2596 aequales
921 2516 1080 2593 usurpata
1101 2507 1173 2571 sint.

131 2597 270 2690 Hermog.
298 2602 376 2689 περὶ
398 2599 495 2670 idatio
521 2603 596 2689 ιόμ.
623 2602 710 2690 βὀ.
735 2615 769 2675 11
796 2631 828 2695 p.
852 2612 912 2674 382
934 2607 1001 2672 W.:
1026 2597 1118 2669 ἴδιον
1138 2600 1174 2668 δὲ

131 2696 254 2783 :tpeidov
277 2700 316 2768 τὸ
337 2701 396 2770 καὶ
418 2708 492 2783 ταῖς
513 2703 639 2786 λέξεσιν
660 2699 897 2794 ἀφειδέστερὸν
919 2728 993 2782 πως
1013 2701 1069 2770 καὶ
1091 2696 1175 2786 ἅμε-

131 2817 214 2884 ιιριιν
234 2801 424 2888 χρῆσθαι”
402 2800 596 2892 ω’σιιεριιιι.
569 2808 669 2884 c(fr.
691 2813 773 2886 233)
1038 2857 1039 2860 ¹

140 2899 224 2981 Qui
232 2901 377 2989 adpositi
400 2915 477 2972 sunt
498 2907 625 2971 numeri
645 2906 663 2971 I
682 2905 715 2972 Π
734 2907 786 2972 ΠΙ
806 2906 853 2971 IV
875 2907 1039 2971 orationes
1061 2903 1173 2971 editio-

138 2995 333 3085 Blassianae,
354 3027 479 3070 numeri
471 3005 621 3071 arabici
642 3028 667 3071 c.
687 3003 796 3071 littera
810 3005 957 3091 praefixa
970 3025 1173 3090 papyrorum

131 3119 226 3166 mnas
254 3102 454 3188 singularum
484 3107 664 3184 orationum
691 3103 857 3185 indicant,
876 3103 1080 3190 reliquarum,
1102 3125 1172 3191 ora-

131 3219 182 3264 rum
207 3201 392 3287 fragmenta
414 3203 478 3280 (fr.)
499 3205 599 3271 citavi
627 3227 669 3269 ex
691 3203 805 3269 ordine
825 3225 846 3266 a
866 3202 993 3268 Blassio
1015 3204 1171 3268 instituto.
1257 3195 1260 3200 ’

131 3293 221 3363 ·'ba
196 3323 291 3385 srgno
313 3301 351 3381 -Ι-
374 3310 488 3368 notata
510 3303 657 3369 desunt'
647 3326 682 3368 m
705 3302 896 3389 Stephanit
883 3301 1043 3368 t.hesauro

146 3390 389 3482 ιιὶσχροκερόεῖν
410 3401 449 3468 fr.
473 3409 534 3470 222
554 3404 693 3490 turpiter
714 3402 843 3468 lucrari.

145 3487 354 3562 ἀκουσάντων
374 3500 466 3565 IVc.
487 3503 534 3569 13.
557 3501 699 3589 Cobetus
720 3525 765 3567 or.
784 3500 908 3567 funebr
931 3524 963 3588 p.
980 3506 1016 3566 19
1033 3491 1174 3565 ἀκουόν-

131 3597 259 3684 ‚‚·,quod
287 3621 362 3686 pap.
386 3599 526 3683 exhibet,
560 3623 625 3666 non
658 3611 727 3664 tant
728 3624 784 3665 um
811 3600 990 3666 barbarum
1021 3608 1085 3681 est,
1114 3599 1172 3665 sed

131 3714 157 3760 ιιι
182 3695 280 3782 plane
311 3696 498 3768 absurdum.
548 3699 644 3765 Nulla
672 3723 815 3816 upquam
842 3700 904 3766 fuit
931 3699 1035 3764 oratio
1064 3707 1170 3786 neque

134 3840 142 3872 ‚
170 3818 251 3883 quae
281 3796 440 3884 prodesse
472 3800 577 3886 possit
606 3801 723 3866 animis
757 3821 883 3882 eorum,
915 3799 971 3886 qui
998 3817 1070 3862 eam
1096 3808 1172 3863 sunt

131 3890 247 3959 ituri
238 3920 260 3961 1.
293 3915 320 3961 e.
352 3919 435 3982 quae
468 3900 574 3985 prosit
608 3900 704 3964 etiam
712 3899 931 3993 priusquam
963 3894 1076 3961 audita
1109 3896 1170 3963 sit‘

131 3981 272 4061 icantur
294 3995 346 4062 III
372 4019 398 4064 c.
421 4003 470 4079 43.
501 4000 585 4087 conj.
603 3978 768 4097 Babilgt
794 3996 1000 4078 Schneidew.
1035 3987 1169 4065 ἀκούσω
