2836 4784
152 364 212 427 250
664 355 749 412 Allen

153 548 248 612 quam
275 525 299 588 I.
322 524 454 588 Bekker
475 527 520 587 in·
537 526 638 590 restit.
666 525 829 610 digammo
858 533 987 586 secutus
1012 523 1083 586 est“
1117 543 1189 608 pag.
1209 528 1240 589 tt

153 623 249 687 Ceme
284 622 598 688 verisimilitudinem
635 623 797 710 quandam
831 622 929 686 habet
964 620 1047 685 haec
1077 620 1241 706 explicatio

151 724 342 807 praesertim
372 733 561 806 comparata
593 721 689 785 simili
720 743 801 786 voce
830 714 963 795 ἑκατόν,
1000 721 1034 783 in
1062 742 1127 806 quo
1146 713 1241 782 -κατόι

153 822 358 904 agnoscimus
391 833 527 901 matum,
543 834 675 903 'eutem
707 830 739 883 et
771 820 917 905 syllabae
948 812 981 880 i·
1013 832 1050 882 ut
1083 817 1241 882 tribuamm

154 919 422 1003 significationem
444 918 643 982 'numeralem
666 918 973 1003 adducit'analogia
993 917 1153 1002 Anglioae
1172 917 1241 980 voci

151 1042 173 1078 a
188 1016 336 1080 hundred
354 1016 405 1081 vel
422 1039 479 1079 one
496 1016 650 1097 hundred,
670 1020 703 1080 in
722 1041 786 1102 qua
803 1017 967 1082 numerale
985 1038 1154 1102 nunquam
1172 1016 1241 1080 omit

152 1120 240 1179 titur.
284 1115 445 1194 Quoniam
476 1118 566 1200 origo
596 1119 685 1181 vocis
707 1111 741 1177 ἓν
762 1117 902 1181 nondum
925 1118 1003 1180 satis
1026 1110 1199 1180 constituta
1216 1118 1241 1178 ui

154 1216 205 1290 (cf.
227 1214 317 1280 Ourt.
337 1215 445 1301 Etym.
467 1219 539 1292 365)
561 1217 716 1280 incertum
740 1225 850 1279 manet
870 1221 976 1302 quum-
990 1236 1165 1279 consonam
1185 1213 1241 1278 olin

152 1316 185 1376 in
208 1315 300 1377 initio
323 1312 480 1377 habuerit
523 1314 609 1377 Sane
632 1314 728 1399 paulo
762 1313 856 1378 aliter
877 1314 938 1379 boe
958 1308 1092 1376 ἓ-κατόν
1107 1313 1241 1398 intelligi

152 1412 339 1495 Windiscb‚
366 1411 488 1492 „Uoder
515 1410 546 1476 d.
573 1411 739 1498 Urapmnq
760 1412 789 1475 d.
810 1412 880 1476 Bel.
897 1414 1013 1497 prunf‘
1054 1412 1145 1479 Ourt.
1169 1411 1241 1477 sud

152 1512 202 1594 ΙΙ,
230 1520 265 1594 2,
293 1535 366 1602 pag.
389 1515 449 1577 384
457 1559 465 1592 ,
498 1513 552 1597 qui
579 1512 678 1575 refert
708 1502 740 1573 i·
768 1512 810 1575 ad
840 1514 972 1598 stirpem
992 1535 1032 1574 ea
1053 1534 1139 1598 quae
1158 1521 1199 1575 est
1216 1511 1241 1574 iu

154 1606 273 1688 ὅ-παξ,
298 1603 445 1683 ἁ-πλόος
466 1619 498 1672 et
519 1609 649 1674 Sanser.
671 1611 950 1691 select-:semels
971 1610 1058 1698 quod
1076 1633 1115 1673 sa
1128 1633 1195 1674 num
1209 1611 1241 1685 si5

152 1711 237 1774 idem
261 1719 356 1796 atque
380 1703 415 1769 tv
435 1730 545 1790 neone,
567 1710 600 1772 in
622 1709 719 1775 dubio
741 1709 899 1796 relinquit.
977 1735 981 1745 ¹

237 1809 281 1873 At
302 1809 387 1872 idem
409 1806 450 1870 de
470 1801 609 1882 ἕκαστος
635 1831 700 1872 non
721 1811 868 1895 protinus
891 1831 969 1874 esse
984 1808 1182 1873 statuendum
1200 1829 1241 1870 su·

154 1911 332 1996 spicionem
365 1915 473 1970 movet
507 1904 585 1989 boc,
621 1907 707 1992 quod
732 1930 836 1994 neque
866 1903 912 1999 ἓν,
927 1930 1036 1995 neque·
1059 1899 1172 1968 ἑκατόν
1197 1901 1241 1968 vel

152 2010 320 2072 minimum
362 2006 550 2090 vestigium,
597 2008 666 2071 sive
709 2006 798 2097 apud
841 2007 1019 2072 Homerum
1061 2009 1130 2070 sive
1169 2001 1241 2075 alibi

153 2128 314 2172 consonae
344 2105 476 2169 initialis
504 2115 670 2170 monstrat
720 2106 787 2170 Nec
816 2107 922 2171 minus
950 2100 1046 2184 ἅπαξ
1074 2114 1107 2169 et
1133 2096 1241 2172 ἁπλόος

154 2205 312 2294 ejusmodi
345 2203 472 2269 indiciis
508 2216 627 2270 carent.
678 2204 846 2291 Quidquid
878 2205 940 2269 fuit
975 2204 1058 2270 olim'
1087 2205 1121 2267 in
1156 2203 1241 2266 fronte

153 2305 267 2370 horum
296 2302 526 2368 vocabulorum
553 2305 600 2383 (in
625 2304 677 2368 bis
704 2303 832 2368 duobus
861 2313 950 2379 certe
978 2304 1111 2384 fuito),
1138 2297 1241 2365 excidit

154 2404 380 2491 antiquissimo
397 2395 558 2488 tempore?
575 2413 671 2489 atque
688 2403 863 2489 permirum
881 2411 968 2467 esset
987 2403 1015 2466 si
1032 2401 1146 2467 eadem
1161 2400 1241 2482 stirps

153 2505 186 2567 in
209 2501 366 2567 vocabulo
388 2524 521 2588 prorsus
544 2501 641 2565 simili
663 2501 758 2587 quale
779 2511 864 2566 esset
879 2496 1017 2576 ἕκαστος
1032 2508 1241 2566 consonantem

153 2601 279 2666 tamdiu
301 2600 493 2664 obtinuisset
508 2600 701 2687 jamdudum
724 2603 759 2664 in
779 2602 894 2665 ceteris
917 2592 1105 2666 obsoletam.

222 2700 347 2765 -Potius
375 2699 562 2766 accederem
591 2700 633 2764 ad
658 2709 767 2786 partes
789 2699 931 2787 Benfeji,
958 2701 1013 2787 qui
1041 2700 1077 2763 in
1096 2698 1158 2764 vol.
1178 2687 1241 2760 VIII

151 2799 275 2864 Kuhnii
307 2798 388 2863 diai.
419 2821 493 2885 pag.
524 2804 576 2866 321
611 2821 657 2885 sq.
685 2799 770 2864 hane
796 2810 865 2862 rem
895 2796 1058 2862 tractavit.
1097 2797 1147 2880 Is,
1175 2812 1240 2883 quse

150 2902 247 2964 tertia
263 2907 317 2962 est
340 2898 535 2984 explanatio,
559 2906 691 2963 revocat
712 2897 772 2961 bas
785 2898 907 2962 formas
922 2896 964 2960 ad
976 2896 1103 2981 polea-a
1117 2906 1154 2966 ut
1165 2895 1238 2960 bitu

151 3000 337 3062 contineant
365 2999 482 3083 stirpes
510 2996 764 3084 pronominales,
792 2995 961 3060 relativam
988 3005 1022 3059 et
1042 2995 1236 3060 -indefinmu

151 3096 344 3182 Analogiam
369 3095 502 3160 adducit
524 3119 566 3160 ex
586 3119 648 3160 usu
670 3097 893 3182 pronominum
908 3095 942 3157 in
954 3093 1069 3180 lingua
1083 3092 1236 3159 sanemus

152 3195 245 3275 Quae
267 3196 449 3282 conjunctio
472 3197 621 3282 stirpium
643 3212 776 3282 prorsus
798 3195 832 3257 in
853 3216 954 3257 unum
976 3194 1164 3258 conveniret
1182 3206 1234 3253 eum

153 3289 341 3374 ὁ-πὰιερος,
359 3287 533 3368 dodorus:
550 3304 583 3357 at
598 3296 655 3358 vix
670 3293 824 3358 credibile
840 3302 996 3357 estunam
1012 3301 1110 3379 atque
1123 3289 1235 3356 eandm

152 3392 365 3478 compositum
391 3415 503 3457 vocem
526 3395 559 3457 in
582 3403 651 3458 tam
679 3392 826 3457 diversas
854 3392 975 3456 formas
999 3391 1156 3460 diffissam
1176 3383 1234 3452 esst·

151 3493 273 3579 Neque,
295 3486 355 3555 e'tsi
377 3491 498 3574 liceret,
521 3492 608 3578 quod
628 3491 762 3556 dubium
785 3499 842 3566 est,
865 3489 1021 3554 adhibere
1038 3492 1053 3576 j
1077 3485 1120 3554 ad
1140 3489 1234 3554 Home

151 3594 253 3655 risum
281 3590 409 3656 hiatum
431 3590 677 3677 explicandum,
702 3591 831 3654 ‘faveret
854 3589 929 3653 huic
956 3591 1103 3674 opinioni
1126 3599 1148 3654 f
1171 3577 1235 3674 quotl

151 3699 199 3754 est
215 3692 253 3753 in
273 3699 385 3754 nostro
406 3690 510 3754 titulo.
534 3690 664 3776 ltaque
691 3692 881 3776 priusquam
908 3687 990 3752 alias
1014 3688 1236 3774 explanationes

152 3788 434 3875 perpenderimus,
463 3789 651 3853 cavebimus
678 3813 718 3852 ne
744 3789 828 3853 hanc
849 3789 1007 3873 oriffi'nem
1028 3790 1103 3852 voci
1125 3781 1237 3851 ἕκαστος

150 3887 339 3950 tribuamus
415 3946 421 3957 f

233 3986 391 4066 Quartam
414 3985 658 4051 derivationem·
669 3988 847 4072 proposuit,
869 3986 945 4049 licet
961 3984 1237 4052 admodumcautu
