2836 4784
155 179 216 241 252
674 169 765 225 Auen:

155 334 285 412 ἕκατοςτ
308 347 422 403 contra
448 335 491 400 ab
514 329 592 410 ἑκάς
621 359 693 400 euru
715 357 735 398 σ
756 335 845 401 finali
869 334 1075 401 deducuntur
1087 327 1259 417 νὲκάσιιρος

155 449 187 501 et
209 422 397 510 ἑκάὸτατος.
445 434 538 514 Haec
562 437 671 501 omnia
691 436 970 520 significationem
998 433 1178 500 distantiae
1200 456 1258 498 ser·

64 591 67 596 .
153 545 278 600 varuut.
324 533 531 598 Totum-hoc
545 537 663 617 <genus
689 537 827 619 vestigia
852 534 1062 618 digammatis
1091 530 1180 620 apud
1199 533 1255 598 Ho-

155 657 279 699 merum
301 655 364 698 non
387 634 492 695 miuus
522 631 674 696 distincta
702 655 800 720 quam
823 628 961 707 ἕκαστος
977 631 1154 706 exbibent3
1175 653 1254 718 prae·

154 745 244 798 tere'a
283 733 308 795 f
335 740 494 795 testantur
525 727 624 808 βεκάς
654 732 741 817 apud
770 731 1051 818 Hesychiumset
1078 723 1256 815 Ὲεκὴβολος

154 831 242 918 apud
263 831 403 894 Marium
426 830 646 912 Victorinum3
668 831 706 893 cf.
729 830 935 915 Savelsberg.
956 829 997 895 de
1017 830 1084 916 dig.
1107 853 1182 917 pag.
1202 835 1226 894 9.
1251 865 1256 877 ·

237 930 399 1010 Quoniam
430 930 510 993 haec
541 929 701 993 derivatio
722 931 770 993 rei
792 930 965 1014 satisfacit,
992 951 1059 999 non
1089 940 1139 994 est
1159 926 1255 992 curF

154 1030 285 1095 tabulae
306 1027 500 1114 insculptum
522 1030 566 1091 in·
578 1031 793 1114 suspicionem
812 1051 975 1094 vocemus

237 1122 330 1202 frier,
355 1126 426 1204 (On.
448 1132 495 1209 6),
524 1128 629 1191 forma
647 1120 764 1209 unica,
793 1128 965 1214 philologis
986 1130 1054 1216 jam
1078 1128 1158 1192 satis
1178 1135 1262 1202 nota.

154 1229 194 1291 de
218 1250 281 1314 qua
301 1236 423 1314 quanto
447 1226 578 1291 uberius
601 1226 642 1291 ab
671 1225 743 1290 aliis
774 1227 973 1314 disputatum
1003 1236 1068 1309 est,
1096 1228 1244 1292 eominus

41 1385 44 1390 .
121 1356 124 1361 ·
155 1335 281 1413 oportet
302 1348 353 1389 me
376 1325 478 1405 multo¹
497 1326 737 1390 verba-tacere.
781 1325 864 1391 Sunt
894 1329 949 1411 qui
971 1325 1082 1404 F'toti
1102 1327 1192 1413 stirpi
1208 1344 1242 1386 re
1266 1325 1289 1345 ”

51 1454 55 1462 ·
152 1425 273 1492 lativne
300 1425 465 1488 vindicent
493 1435 626 1511 propter
653 1425 738 1489 hanc
763 1426 901 1510 formam
907 1474 916 1507 ‚
943 1427 1013 1490 sivo
1042 1447 1115 1491 cum
1137 1420 1242 1496 Savels
1286 1500 1289 1509 Ι

52 1577 54 1581 ,
153 1526 264 1611 bergio
298 1524 374 1589 rad..
396 1534 526 1595 sumunt
552 1523 621 1588 erfo
638 1524 771 1589 ='Lat
798 1548 875 1617 quo,
899 1526 975 1590 sive
1005 1524 1190 1612 Lottnerum
1208 1542 1241 1584 se·

153 1629 220 1688 cuti
248 1623 291 1689 ad
319 1624 454 1710 stirpem
486 1625 553 1686 an
568 1653 621 1678 .=
646 1647 717 1706 soa,
750 1620 816 1708 ofe
843 1623 983 1703 trahunt
1037 1622 1160 1688 Contra
1184 1619 1241 1685 olim

144 1720 265 1788 'docuit
285 1723 431 1810 Boppiua
454 1744 632 1808 pronomen
653 1719 718 1800 ὅ-ς,
737 1719 767 1808 ἥ,
790 1718 809 1784 ὅ
833 1722 877 1787 orl
902 1722 1104 1809 primitivum
1125 1723 1194 1806 pir-s,
1208 1719 1241 1803 ju,

153 1823 309 1907 jort-esse
330 1821 551 1904 referendum,
577 1823 672 1909 quale
694 1824 797 1887 estin
817 1822 895 1906 ling.
919 1821 1060 1885 Sannor..
1074 1821 1240 1895 Zeno-eto,
1278 1904 1280 1909 ,

55 1909 57 1913 ⁵
153 1921 240 2008 quod
273 1931 482 2007 praeceptum
513 1930 724 2007 occeperunt
749 1923 847 1985 etiam
882 1919 1085 2002 Schleicher,
1124 1917 1240 1994 Curtius,
1270 1919 1273 1924 ’

152 2021 265 2107 Meyer
292 2020 349 2085 alii
379 2022 435 2109 qui
461 2020 501 2084 de
530 2020 581 2085 his
610 2020 707 2085 rebus
736 2022 956 2106 scripserunt.>
980 2017 1082 2097 Quae
1103 2017 1239 2082 derivatio

153 2143 253 2206 quum
274 2121 356 2184 mihi·
375 2141 454 2184 vera
476 2119 635 2202 videatur,
658 2143 695 2185 eo
718 2121 852 2184 minoris
872 2119 957 2183 facio
969 2117 1058 2187 istud
1073 2111 1157 2208 fo‘u
1177 2110 1241 2200 quod

151 2221 186 2282 iu
209 2219 309 2284 altero
331 2219 433 2300 titulo,
457 2241 535 2282 sane
559 2220 740 2307 antiquiore
762 2220 919 2304 scriptum
942 2227 990 2282 est
1014 2240 1043 2282 v.
1071 2223 1118 2299 lt,
1141 2221 1179 2284 39
1196 2209 1242 2286 lito

152 2342 182 2382 v.
208 2324 256 2399 15,
278 2322 327 2400 36,
359 2321 399 2385 38
426 2311 553 2393 ὅσσας,
585 2342 615 2383 v.
637 2325 677 2386 35
709 2317 845 2392 οἵτινες,
868 2340 899 2382 v.
921 2323 960 2383 21
984 2303 1023 2399 ᾧ.
1059 2315 1150 2380 Rem·
1167 2331 1244 2401 quun

146 2418 226 2503 jam·
247 2415 329 2482 bene
350 2417 550 2482 excussisset
571 2416 611 2483 G.
636 2417 786 2500 Curtius,
810 2416 920 2502 Etym.
945 2437 1031 2502 pag„
1052 2419 1113 2483 368
1142 2423 1174 2478 et
1192 2416 1248 2490 552,

151 2517 339 2602 nuperrime
350 2515 571 2581 E.<Windisch
583 2519 616 2580 in
632 2516 716 2581 libro
728 2516 828 2602 supra
847 2515 989 2595 laudato,
1001 2536 1078 2600 pag.
1089 2514 1245 2592 noe-,nn
1272 2512 1284 2608 ἰ

150 2615 245 2680 lanta
264 2617 463 2701 ingenuitate
484 2638 523 2680 ac
545 2617 664 2702 peritia
676 2617 839 2697 mactavit,
854 2613 999 2701 utplura
1014 2612 1135 2678 addere
1154 2630 1267 2698 super»

150 2737 329 2779 vacaneum
358 2717 407 2779 sit.
458 2714 565 2779 Unum
599 2723 723 2781 tantum
752 2735 931 2800 proponam
956 2712 1016 2787 .de
1043 2712 1246 2799 explicatione

151 2813 245 2901 hujus
268 2812 307 2878 f.
349 2813 497 2896 Curtius,
523 2814 633 2901 Etym.
657 2819 743 2896 409,
756 2815 908 2899 opinatur
929 2813 967 2876 idz
988 2834 1097 2877 errore
1120 2810 1260 2899 quoden-

54 2916 56 2922 '
111 2953 113 2957 ·
150 2912 378 2978 tantummodo
403 2912 567 2977 scribendi
599 2935 619 2976 a
645 2912 788 2998 lapicida
819 2934 878 2998 pro
895 2911 917 2997 j
935 2907 1134 2997 insculptum
1154 2911 1244 2984 fuisse,
1282 2967 1285 2974 .

151 3031 247 3096 quum
274 3013 344 3098 jam
371 3020 485 3076 neutra
518 3032 699 3078 consonans
729 3013 910 3099 pristinam,
928 3009 1063 3074 haberet
1088 3012 1169 3092 vim,
1201 3002 1244 3072 scd

61 3152 63 3157 ν
112 3116 116 3122 ’
151 3119 290 3196 utraque
314 3103 458 3175 'obscure
491 3119 632 3180 sonaret.
684 3110 766 3174 Mihi
799 3109 1168 3199 verisimiliussvidetur
1197 3097 1243 3172 isto

150 3202 232 3270 [ότι
254 3208 430 3294 lapicidam
455 3211 886 3296 revera'pronuntiationem
910 3218 1101 3294 corruptam⁴
1119 3208 1244 3272 indicare

150 3307 302 3389 voluisse,
323 3330 451 3396 nempe,
473 3319 508 3374 nt
529 3308 657 3374 Latinis
679 3310 862 3394 exprimam
884 3307 1016 3389 litteris,
1038 3307 1136 3374 ltnon'.
1177 3305 1243 3372 Con·

83 3420 88 3428 '
151 3416 215 3470 stat
230 3405 392 3471 Graecum
407 3406 442 3469 fi
452 3431 565 3473 sonum
584 3401 1244 3473 lenissimumhabuisse-ambobusrlabris

151 3504 307 3584 effectum,
330 3529 393 3593 quo
417 3509 552 3593 propius
575 3506 745 3570 accederet
765 3507 808 3570 ad
830 3505 975 3571 vocalem
999 3530 1031 3570 o.
1074 3506 1141 3586 Qui
1164 3520 1243 3568 sensu

150 3627 244 3691 quam
267 3605 361 3669 facile
383 3608 484 3691 possit
508 3629 542 3671 se
572 3629 630 3670 sua
662 3615 775 3690 sponte
795 3603 960 3669 intrudere
983 3605 1176 3669 inmediam
1195 3595 1243 3686 syl·

150 3702 256 3766 labam
286 3703 339 3784 lto,
370 3691 561 3769 documento
586 3715 662 3768 sunt
691 3703 871 3788 'Anglorum
900 3704 998 3767 voces
1026 3703 1125 3789 whole
1152 3695 1249 3779 (Gon

149 3801 241 3885 horn,
262 3803 442 3887 Anglosax.
464 3804 536 3884 hol)
558 3813 589 3866 et
610 3803 710 3866 wlroro
741 3802 851 3882 (Goth.
874 3797 956 3883 Ιιᾶνε,
975 3801 1118 3884 lemnon,
1140 3799 1244 3886 Anglo·
