2836 4784
527 383 562 439 do
580 384 788 456 praepositione
805 382 893 457 παρά.
1224 392 1264 456 63

149 540 288 625 ἔπαλξιν
309 548 413 615 Thuc.
434 550 468 614 Π
492 558 539 635 13,
560 559 588 618 t.
611 562 686 618 sunt
708 554 795 618 cives
820 561 925 618 aetate
938 551 1131 637 grandiores
1147 553 1263 640 quibus

149 649 230 711 muri
259 648 466 713 custodiendi
491 651 605 716 traditi
644 663 726 716 suut.
755 651 869 716 eadem
893 673 997 739 paene
1025 649 1145 716 locutio
1175 651 1265 737 apud

147 746 361 812 Plutarchum
389 746 507 833 legitur
532 753 587 837 qui
618 752 751 836 scripsit
779 743 810 812 οὶ
833 746 925 830 παρὰ
947 745 1008 823 τὰς
1022 745 1133 825 πύλας
1153 750 1263 826 (Galb.

149 845 241 924 XIV)
264 848 285 910 i.
309 868 336 910 e.
358 848 414 931 qui
436 849 617 914 custodiam
639 861 806 937 portarum
828 848 958 914 habent

229 937 434 1030 περικόψειν
449 943 506 1008 τὸν
522 942 641 1035 Ἑρμῆν
656 947 714 1011 τὸν
728 945 821 1031 παρὰ
844 945 883 1011 τὸ
903 950 1127 1028 Φορβαντεῖον
1141 947 1264 1014 Andoc.

149 1043 233 1113 162.
264 1055 296 1110 et
327 1040 365 1107 τὸ
396 1048 547 1128 κουρεῖον
575 1044 613 1112 τὸ
641 1045 734 1128 παρὰ
756 1044 834 1122 τοὺς
855 1040 977 1127 Ἑρμᾶς
997 1046 1075 1132 Lys.
1098 1045 1214 1110 XXIII
1236 1052 1264 1114 3.

152 1141 181 1204 ἐν
199 1138 403 1223 χαλκώμασι
426 1143 519 1227 παρὰ
540 1144 599 1210 τὸν
619 1140 688 1209 Δία
710 1145 825 1232 Polyb.
846 1146 897 1210 111
919 1153 958 1213 26
979 1145 1009 1210 h.
1033 1167 1060 1210 e.
1080 1147 1115 1209 in
1136 1147 1264 1210 aerario

151 1241 304 1307 aedilium
326 1244 418 1306 iuxta
439 1243 528 1309 Iovis
546 1245 702 1332 templum
725 1247 797 1310 sito.

230 1343 372 1406 Iamiam
399 1343 529 1407 utfinis
554 1347 739 1431 imponatur
759 1345 839 1409 huic.
857 1344 1093 1408 dissertationis
1116 1345 1203 1429 parti
1226 1343 1266 1406 de

153 1445 194 1506 eis
223 1440 306 1507 locis
334 1439 495 1526 agendum
528 1445 591 1509 erit
620 1444 677 1508 ubi
710 1437 802 1525 παρά
836 1466 908 1508 cum
937 1445 1124 1508 accusativo
1157 1440 1264 1507 locum

152 1540 402 1627 praepositionis
431 1535 524 1624 παρά
553 1564 625 1607 cum
657 1543 767 1608 dativo
797 1542 918 1606 habere
948 1541 1077 1605 videtur
1104 1551 1136 1604 et
1158 1540 1265 1618 habet,

152 1639 176 1704 h.
200 1662 228 1703 e.
251 1638 293 1702 de
314 1638 360 1701 eis
380 1637 461 1704 locis
489 1640 546 1706 ubi
574 1633 667 1724 παρά
696 1664 769 1705 curn
797 1643 984 1706 accusativo
1012 1663 1076 1705 non
1104 1639 1267 1724 signifieat

153 1738 285 1803 alteram
310 1760 380 1800 rem
405 1740 498 1804 iuxta
528 1741 665 1805 alteram
687 1750 855 1804 extensam
883 1762 953 1804 esse
982 1738 1034 1803 vel
1062 1739 1177 1821 sitam,
1208 1738 1266 1804 sed

154 1836 344 1926 simpliciter
365 1836 501 1902 alteram
522 1841 556 1902 in
569 1841 737 1904 vicinitate
752 1839 885 1903 alterius
900 1838 1027 1902 versari
1041 1837 1165 1903 indicat
1179 1836 1266 1922 quod

153 1939 253 2001 estin
276 1935 347 2001 loco
369 1937 530 2001 Demetrii
552 1941 667 2005 comici
687 1939 796 2017 (Mein.
817 1937 865 2002 lv
887 1944 947 2004 539
971 1960 1000 2003 v,
1016 1943 1056 2014 4.)
1079 1927 1265 2017 ἀβυρτακο-

152 2031 252 2111 ποιὸς
280 2030 374 2116 ιιαρὰ
401 2031 563 2099 Σέλευκον
591 2032 756 2122 ἐγενόμην.
799 2037 828 2101 Ε
860 2047 955 2123 poeta
982 2037 1105 2099 comico
1126 2033 1266 2100 Alexide

152 2135 385 2221 grammaticus
406 2135 440 2197 in
461 2134 566 2200 Bekk.
588 2135 709 2201 Aneed.
733 2160 764 2222 p.
789 2144 856 2218 111,
882 2143 914 2200 11
939 2133 1042 2198 verba
1071 2125 1154 2216 παρ’
1179 2129 1267 2218 ἡμᾶς

152 2227 236 2298 οἰκεῖ
257 2234 363 2316 affert,
386 2233 510 2299 addens
531 2226 604 2298 ἀντὶ
630 2237 689 2298 τοῦ
717 2227 800 2317 παρ’
831 2229 920 2321 ἡμῖν,
943 2233 984 2297 de
1011 2255 1073 2320 quo
1095 2231 1168 2297 loco
1189 2256 1263 2298 cum

153 2357 212 2422 quo
238 2355 369 2398 conexu
397 2334 522 2418 positus
549 2335 647 2425 fuerit
676 2336 880 2420 ignoremus,
909 2342 1060 2398 accurate
1090 2332 1263 2398 diiudicari

153 2456 212 2499 non
233 2440 361 2520 potest3
389 2455 465 2496 nam
491 2434 570 2498 ferri
591 2437 695 2521 possit
723 2436 945 2515 aecusativus,
975 2433 1003 2497 si
1025 2432 1184 2497 sententia
1205 2433 1266 2497 fuit

154 2531 248 2600 haecz
289 2531 357 2595 eius
389 2530 502 2596 domus
529 2534 623 2598 iuxta
649 2542 794 2598 nostram
825 2541 888 2616 est,
926 2533 976 2597 sin
1005 2533 1165 2596 sententia
1190 2532 1266 2597 fuit:

153 2631 281 2697 habitat
311 2631 346 2693 in
377 2639 494 2699 nostra
513 2632 624 2717 domo,
655 2633 860 2697 accusativus
892 2629 975 2696 falso
1003 2640 1178 2717 usurpatus
1208 2641 1265 2698 est.

152 2730 258 2796 Affert
279 2728 463 2794 Meinekius
491 2728 553 2796 11.
582 2731 767 2822 exemplum
789 2731 945 2796 Timoelis
967 2752 1009 2794 ex
1028 2727 1195 2795 Athenaeo
1222 2731 1266 2795 VI

152 2837 207 2899 141
232 2829 266 2894 A
287 2829 351 2894 huc
372 2831 554 2915 pertinens:
583 2823 720 2915 ὠψώνει
742 2821 825 2911 παρ’
848 2824 948 2892 αὑτὸν
970 2819 1088 2891 οἴκαδε
1109 2838 1141 2892 et
1160 2827 1266 2893 locum

151 2928 427 3015 Aristophaneum
449 2951 469 2993 a
489 2929 660 2994 Prisciano
683 2928 768 3005 (Vol.
783 2927 817 2992 Π
836 2952 867 3015 p.
885 2934 944 2995 202
960 2927 1009 2992 ed.
1024 2926 1150 3004 Krehl.)
1170 2927 1266 2993 nobis

152 3037 334 3093 servatum:
368 3027 472 3092 Attici
493 3025 586 3113 παρὰ
612 3022 650 3091 σε’
679 3050 740 3115 pro
768 3024 861 3111 παρὰ
884 3027 947 3103 ool,
970 3026 1130 3113 quomodo
1155 3036 1187 3091 et
1206 3050 1266 3092 nos

151 3125 241 3213 opud
259 3138 297 3192 te.
339 3123 577 3211 Aristophanes
599 3123 745 3213 Ποιήσει
765 3127 873 3205 (codd.
892 3131 1052 3209 ποιηχιι1·
1077 3126 1214 3208 γυναῖκα
1228 3121 1266 3190 δὲ

152 3221 320 3311 ζητοῦντες
340 3218 396 3286 ἕνα
421 3217 452 3287 ‹l'
477 3215 569 3290 οἶκον
589 3223 657 3290 νυνὶ
679 3221 737 3312 ἐᾷς
757 3225 811 3289 ἵνα
834 3218 864 3289 εἰ
879 3222 973 3308 παρὰ
990 3218 1035 3289 σέ.
1067 3246 1149 3311 quae
1163 3225 1267 3291 verba

151 3325 400 3411 corruptissima
422 3326 469 3388 sie
491 3326 663 3391 emendare
686 3335 819 3391 conatus
837 3335 887 3390 est
900 3323 1106 3390 Dindorfius·
1128 3326 1266 3406 γυναῖκα

151 3420 185 3487 δὲ
207 3420 379 3509 ζητοῦντες
398 3416 517 3486 ἐνθάδ’
549 3420 683 3511 ἥκομεν,
717 3419 756 3510 ἥν
779 3445 882 3511 φασιν
904 3412 992 3488 εἶναι
1014 3419 1105 3504 παρὰ
1121 3418 1167 3489 σε’.
1200 3423 1266 3489 Sed
1323 3471 1326 3476 -

150 3545 169 3587 a
192 3545 318 3588 summo
342 3520 577 3607 elegantissimi
600 3525 758 3590 sermonis
780 3523 883 3589 Attici
904 3524 1029 3588 artifice
1044 3525 1266 3611 Aristophane

152 3622 256 3687 aliena
284 3643 356 3685 esse
386 3622 467 3687 haec
496 3622 599 3688 verba
627 3624 823 3703 censuerim,
853 3646 930 3688 nam
961 3631 993 3686 et
1021 3625 1266 3709 corruptissime

150 3722 270 3787 tradita
302 3730 378 3786 sunt
411 3731 442 3787 et
469 3722 615 3788 fabulam
642 3714 787 3807 Ποίησιν
815 3721 959 3787 nonnulli
987 3722 1194 3805 grammatici
1222 3721 1265 3786 ab

153 3819 369 3907 Aristophane
392 3821 662 3887 abiudicaverunt
683 3830 715 3885 et
735 3821 904 3909 Archippo
927 3819 1118 3884 tribuerunt.

232 3920 344 4007 Neque
374 3942 488 3985 vereor
519 3943 560 3985 ne
589 3922 660 4007 quis
688 3920 758 3987 loco
788 3919 931 3985 Acharn.
955 3923 1014 4002 759
1041 3939 1118 3981 usus
1140 3917 1265 3985 Aristo-

162 4017 259 4104 phani
287 4018 366 4084 talia
395 4019 568 4086 obtrudere
600 4020 736 4085 audeat:
768 4020 842 4094 πιῖς
869 4005 886 4081 ὁ
915 4017 1005 4091 σῖτος
1031 4007 1146 4102 ὤνιος;
1179 4017 1266 4105 Meg.
