2836 4784
527 381 562 436 da
578 381 782 460 praepositione
800 382 887 452 παρά.
1223 387 1263 450 65
1284 445 1317 473 ’ὁ

148 545 181 614 δὲ
205 543 428 637 Ἀφροάεισία
456 539 540 629 παρ’
565 540 739 612 Αἰακίδαν
768 541 842 630 άχρι
868 571 911 612 κα
934 543 998 634 ζώῃ
1020 541 1194 632 Ἀἰακίδας
1213 549 1263 614 Iu-

149 653 259 738 soript.
287 649 396 736 delph.
426 648 475 713 ed.
503 647 583 713 Ern.
606 648 738 714 Curtius
767 672 796 712 n.
817 648 907 714 XVI.
933 657 985 721 10,
1018 636 1264 727 καταλιμπάνει

149 743 231 834 παρ’
278 739 340 825 αὖς
381 739 482 810 αὐτόν
522 746 624 812 Inscr.
658 747 766 833 delph.
803 749 852 813 ed.
886 748 996 814 Conze
1029 759 1060 812 et
1094 746 1264 811 Michaelis

149 848 331 936 (Rapporto
354 848 430 913 d'un
455 847 588 931 viaggio
617 847 699 911 fatto
721 845 806 910 nella
826 845 945 912 Grecis
966 846 1019 911 nel
1044 852 1130 914 1866.
1173 846 1264 911 Rom.

152 955 237 1016 1861.
258 971 288 1035 p.
308 955 358 1016 67.
377 970 408 1013 v.
434 954 480 1014 12.
505 951 572 1028 13),
595 937 615 1007 d
640 935 709 1007 ὠνὰ
731 941 824 1026 παρὰ
845 941 903 1008 ’τὸν
924 941 1007 1009 θεὸν
1027 941 1086 1009 σὸν
1110 941 1265 1028 Σάραπιν

113 1098 116 1103 .
152 1044 204 1110 καὶ
232 1045 272 1111 τὸ
296 1039 501 1131 ἀντίγραφον
530 1039 623 1123 παρὰ
651 1041 710 1108 τὸν
739 1037 879 1125 ἄρχοντα
898 1039 1090 1127 (Αρμόξένον
1116 1047 1150 1109 in
1171 1045 1264 1110 titulo

153 1146 275 1212 Tithor.
306 1169 400 1234 quem
430 1148 664 1233 interpretatus
692 1155 741 1209 est
770 1144 952 1210 Ulrichsius
979 1148 1013 1208 in
1028 1143 1125 1208 ·Mus.
1152 1145 1212 1208 Rh.
1231 1145 1264 1208 ΙΙ

156 1252 217 1314 553.
250 1253 321 1312 554.
353 1253 381 1312 7.
414 1252 443 1327 9,
487 1239 508 1306 ἁ
544 1234 612 1306 dvo
639 1240 732 1326 παρὰ
759 1241 817 1307 τὸν
846 1237 914 1329 ἱερῇ
941 1267 984 1309 se.
1015 1237 1093 1311 ἐστί.
1121 1244 1187 1308 vid.
1222 1243 1264 1309 H.

159 1343 293 1410 Keilium
311 1344 408 1425 (Mus.
428 1342 622 1421 Ruxvlll
638 1366 669 1430 p.
689 1349 771 1420 226.)
794 1343 994 1430 eundemque
1014 1347 1049 1408 in
1073 1344 1152 1430 Syll.
1167 1346 1265 1410 inser.

163 1441 292 1511 Boeotio.
310 1444 360 1511 III
385 1449 436 1511 16:
458 1439 496 1508 τὸ
521 1436 685 1524 ὁμόλογον
708 1439 755 1529 [π]
765 1439 806 1525 dp
831 1437 1035 1529 [1)]νάσιμον
1061 1436 1264 1526 Θιογίτονος.

169 1541 290 1632 denique
331 1534 535 1623 οἷνελόμενος
573 1539 633 1616 τὰς
663 1537 882 1628 οοογγράφως
919 1539 977 1617 τὰς
1011 1537 1149 1622 κιμένας
1180 1534 1263 1627 παρ>

173 1634 309 1728 Εὔφρονα
340 1642 439 1728 Oorp.
468 1640 551 1705 Inse.
581 1640 736 1706 Graee.I
764 1665 795 1707 n.
822 1648 898 1709 1559
927 1641 1263 1724 a.1.11.,cf.Boek-

174 1740 242 1806 hium
261 1742 301 1807 de
322 1741 372 1807 his
394 1741 491 1806 rebus
515 1740 728 1817 disserentem
748 1744 782 1804 in
807 1742 843 1808 O.
864 1743 890 1806 1.
910 1741 1028 1807 Graee.
1049 1742 1066 1805 l
1087 1763 1120 1828 p.
1140 1747 1208 1809 726.

238 1841 396 1928 Perpauoi
417 1841 633 1909 recentiorum
654 1851 825 1927 poetarum
851 1842 914 1907 loei
942 1852 1072 1907 exstant
1093 1843 1126 1905 in
1148 1841 1265 1925 quibus

178 1944 393 2028 praepositione
423 1933 516 2022 παρά
549 1961 623 2004 oum
655 1942 842 2006 accusativo
877 1944 1047 2005 eoniuueta
1078 1962 1142 2003 non
1174 1939 1264 2006 loeus

180 2051 282 2122 praeter
304 2062 399 2129 quern
421 2039 535 2105 sedin
563 2061 627 2124 quo
656 2039 780 2125 aliquid
810 2049 859 2104 est
888 2040 1061 2104 indicatur.
1104 2040 1265 2117 (conferas

180 2139 298 2221 quaeda
319 2136 413 2221 παρά
434 2162 506 2204 eum
528 2139 639 2203 dativo
661 2139 774 2203 eadem
796 2141 921 2205 ratione
943 2148 1098 2225 usurpato
1122 2137 1265 2203 diximus

181 2256 203 2318 p.
215 2243 263 2316 511.)
284 2234 417 2321 Κύπρις
442 2234 535 2319 παρὰ
558 2232 735 2313 παστάδας
756 2238 892 2321 γελῶσα,
915 2239 971 2304 ubi
993 2231 1055 2300 άνά
1078 2238 1129 2302 vel
1152 2232 1187 2300 ἐν
1209 2260 1272 2314 οπ-Ι

183 2347 336 2417 spectamus
369 2336 460 2424 apud
492 2337 538 2402 Io.
573 2336 719 2402 Gramm.
753 2336 833 2405 Gan.
860 2337 981 2403 11121.
1022 2337 1153 2424 (Bergk.
1175 2338 1264 2402 Poet.

183 2426 344 2513 lyaeum
365 2459 396 2524 p.
414 2441 508 2516 1082)
531 2447 563 2503 et
582 2433 674 2519 παρὰ
697 2431 873 2513 παστάδας
893 2438 1035 2519 apameiae
1057 2437 1145 2522 apu'd
1166 2437 1267 2502 Leon.

184 2523 245 2619 Mag.
265 2537 315 2603 ΠΙ
344 2543 384 2602 22
413 2536 468 2612 (ib.
503 2559 535 2624 p.
570 2543 659 2616 1093)
691 2537 829 2622 denique
859 2532 1002 2615 λοχόωσι
1031 2534 1135 2619 παραὶ
1161 2531 1266 2617 μυχόν

184 2623 298 2720 Oppiae.
319 2632 396 2701 Hal.
417 2635 436 2701 Ι
457 2641 515 2703 149
537 2637 558 2702 i.
582 2658 607 2700 e.
629 2636 731 2702 latent
750 2639 785 2701 in
805 2658 945 2701 recessu.

239 2802 397 2868 Absoluta
428 2824 475 2878 eam
495 2812 589 2890 parte
617 2801 849 2888 disputationis
877 2812 1009 2868 nostrae
1027 2825 1110 2889 quae
1131 2813 1203 2867 erat
1225 2801 1266 2866 de

177 2909 222 2963 usu
240 2900 333 2968 locali
360 2903 614 2990 praepositionis
641 2896 735 2985 παρά
761 2924 834 2966 eum
862 2905 1047 2967 accusativo
1077 2904 1266 2967 coniunctae

175 2995 291 3067 transire
311 3001 389 3070 lieet

664 3120 684 3199 s
707 3123 757 3184 21.

173 3223 205 3289 td
222 3255 310 3300 usum
329 3232 543 3322 temporalem
565 3232 812 3316 illustrandum,
833 3256 929 3320 quem
951 3256 969 3297 e
990 3234 1087 3300 loeali
1109 3237 1266 3321 originem

172 3327 280 3399 trahere
302 3357 398 3399 nemo
419 3335 560 3420 ignorat.
603 3333 687 3397 Nam
716 3355 779 3420 quo
808 3332 904 3397 modo
927 3328 1019 3418 παρά
1044 3337 1202 3399 sententia
1221 3335 1266 3400 lo·

173 3425 221 3493 ali
239 3443 430 3521 usurpatum
451 3433 534 3498 duas
554 3429 607 3497 res
636 3441 825 3518 praeter,
852 3433 945 3496 iuxta
975 3455 1009 3496 se
1037 3437 1162 3521 positas
1196 3458 1266 3498 esse

172 3521 325 3618 signifieat,
349 3532 460 3599 eodem
483 3532 646 3597 intellectu
667 3531 840 3617 temporali
861 3532 946 3596 aetio
968 3533 1068 3598 verbo
1084 3534 1268 3619 significata

171 3630 195 3684 θλ
227 3636 382 3723 temporis
424 3633 568 3721 spatium
607 3625 828 3714 παραλλήλοις
847 3620 973 3718 ⁴posita
1013 3655 1084 3696 esse
1130 3632 1266 3715 eogitari
1298 3688 1301 3693 .

172 3737 299 3802 possunt
340 3730 531 3819 Respondet
558 3751 697 3815 graecae
724 3731 960 3818 praepositioni
979 3730 1080 3794 latina
1100 3754 1157 3808 per
1179 3740 1210 3793 et
1229 3729 1265 3792 li-

172 3823 285 3895 tuaniea
298 3837 370 3919 per,
389 3832 447 3897 sed
460 3853 497 3896 eo
514 3830 667 3895 differunt
681 3829 765 3916 quod
779 3822 869 3911 παρά
882 3831 999 3905 rarius,
1009 3830 1267 3915 perfrequenter

172 3910 220 4078 lpto
233 3933 263 3993 vi
283 3930 403 3997 dieitur
421 3943 454 3995 et
473 3929 635 4001 lituanioa·
651 3928 812 4017 particula
833 3951 898 3992 non
919 3930 982 3993 nisi
998 3950 1132 3992 numero
1155 3927 1266 3991 addito

190 4036 359 4118 eumpore
379 4039 566 4116 usurpatur.
589 4066 592 4071 ,
707 4055 709 4059 ’

211 4127 342 4186 Ourtlns,
362 4132 467 4174 Studien.
487 4133 528 4175 111.
1004 4186 1007 4191 Ι
1082 4130 1097 4178 5
