2836 4784
443 347 477 401 de
495 349 700 419 praepositione
720 346 805 417 παρά.
1141 357 1181 417 23

150 515 307 604 Denique
342 515 383 581 de
426 540 486 583 usu
521 516 615 582 verbi
647 510 750 594 ἔχειν,
790 515 972 583 intellectu:
1012 528 1182 605 acceptum

61 612 183 680 habere
212 637 285 679 cum
317 608 410 696 παρά
439 625 472 680 ct
497 616 649 702 genetivo
681 617 843 680 coniuncti
866 638 972 702 pauca
993 615 1184 683 disserenda

63 721 147 779 sunt.
178 713 267 801 quod
298 713 435 803 uerbum
463 716 623 781 sententia
646 725 677 780 et
698 717 833 802 propria
860 724 892 783 et
916 715 1074 783 translata
1095 716 1183 782 haud

62 836 138 881 raro
160 812 285 878 dictum
317 823 381 888 est3
415 812 456 879 de
484 813 584 881 rebus
611 814 764 879 inanimis
790 816 855 881 iam
876 813 965 902 apud
985 813 1183 882 Hesiodum:

61 906 183 999 ταύτην
205 909 292 987 Διὸς
313 905 407 993 πάρα
428 913 550 993 μοῖραν
571 907 683 992 ἔχουσι
706 913 829 999 Theog.
850 919 910 982 348
940 924 972 979 ct
998 911 1091 1000 τιμὴν
1113 910 1182 996 πὰρ

62 1005 171 1098 Ζηνός
190 1011 313 1098 Hymn.
325 1011 482 1079 Homlll
496 1019 567 1081 516.
589 1006 655 1091 ἔχει
676 1003 739 1075 τιν’
764 1003 866 1095 ὄγκον
879 1003 999 1095 ''Apyog
1019 1007 1183 1100 Ἑλλήνων

61 1105 156 1194 πάρα
180 1111 259 1176 Eur.
282 1111 403 1178 Phoen.
428 1117 497 1179 718.
539 1104 624 1190 ἔχειν
639 1103 714 1175 ἴσον
735 1114 826 1176 θεῶν
847 1105 941 1194 πάρα
960 1112 1004 1180 id.
1024 1115 1070 1179 Io.
1095 1121 1182 1182 1319.

60 1210 222 1295 μαντικήν
252 1209 336 1277 Plat.
368 1208 491 1275 Phaed.
523 1215 562 1278 85
586 1210 626 1276 B.
670 1208 763 1297 dispo
782 1210 905 1278 Herod
926 1213 942 1277 I
963 1220 1001 1279 45
1030 1223 1062 1278 ct
1082 1212 1182 1281 multa

63 1309 191 1377 similia.
511 1392 513 1398 Ι
638 1380 641 1387 ,

146 1407 397 1475 Transeundum
420 1409 484 1475 iam
509 1407 620 1474 estad
643 1432 682 1476 ca
710 1409 828 1492 verba,
857 1434 940 1498 quae
966 1411 1008 1476 ad
1039 1413 1181 1477 animum

62 1509 223 1583 translata
246 1506 427 1594 accipiendi
450 1507 613 1573 notionem
634 1508 764 1592 habent,
786 1532 869 1594 quae
890 1509 981 1597 apud
1003 1511 1180 1577 Homerum

61 1607 214 1698 nondum.
231 1631 303 1673 cum
326 1600 418 1688 παρά
441 1615 627 1675 constructo
647 1619 777 1675 exstare
800 1632 901 1696 supra
921 1608 1099 1676 docuimus.
1126 1611 1180 1677 Ex

62 1730 202 1795 quorum
235 1728 371 1772 numero
412 1707 516 1770 instar
549 1707 691 1773 omnium
726 1699 857 1773 ἀκούειν
868 1711 891 1786 ⁶)
929 1719 961 1775 et
992 1703 1181 1789 μανθάνειν

61 1810 205 1874 nomino.

145 1896 285 1969 άκοάειν
305 1926 380 1970 cnm
395 1897 543 1988 παράοῐ
559 1925 629 1988 gen.
647 1903 769 1971 dictum
791 1906 930 1992 primum
952 1906 1041 1993 apud
1056 1907 1180 1994 Sopho·

62 2006 144 2072 clem
166 2003 222 2082 (Ο.
243 2003 282 2070 Β.
304 2011 333 2086 6,
354 2010 407 2082 95)
428 2001 658 2089 Empedoclem
681 2009 753 2082 (144
775 2005 824 2071 od.
848 2004 952 2084 Mull.)
984 2009 1065 2069 θεοῦ
1088 2001 1181 2088 πάρα
1311 1990 1316 1999 ’

61 2107 175 2186 μῦθον
206 2095 353 2178 ἀκούσας
375 2112 407 2169 et
426 2100 629 2168 Herodotum
650 2103 726 2181 (VlI
751 2111 798 2184 44)
827 2106 1017 2171 invenimus.
1060 2106 1181 2171 Poetae

63 2198 175 2270 κλύειν
213 2226 286 2269 cum
321 2195 414 2283 παρά
452 2204 689 2267 coniunxerunt
725 2203 813 2269 velut
847 2203 926 2269 Eur.
959 2204 1079 2270 Baccln
1114 2210 1179 2271 179.

65 2302 187 2370 Troad.
199 2307 270 2372 841.
297 2295 487 2382 μανθάνειν
506 2302 572 2365 iam
595 2301 630 2366 in
648 2302 862 2389 Xenophanis
884 2302 1082 2368 carminibus
1102 2304 1180 2389 legi·

65 2426 134 2468 mns
162 2402 224 2481 (III
250 2409 276 2467 1.
303 2399 405 2478 Mull.)
441 2393 627 2482 ἁβροσύνας
661 2395 698 2463 δὲ
725 2396 893 2482 μαθόντες
921 2398 1011 2483 παρὰ
1040 2399 1177 2479 Λυδῶν,

69 2525 137 2567 cum
158 2501 250 2590 apud
271 2499 418 2586 Theogn.
440 2507 490 2568 35.
520 2494 652 2563 ἐσθλῶν
680 2492 763 2563 dioro
791 2496 900 2564 ἐσθλὰ
928 2494 1105 2584 μαθήσεαι
1128 2505 1180 2569 sit.

66 2601 292 2687 Maximopere
313 2598 485 2667 adamasse
505 2598 567 2665 hoc
589 2599 726 2665 verbum
746 2599 933 2666 Herodotus
954 2600 1092 2678 videtur,
1125 2604 1180 2689 qui

63 2702 162 2767 etism
184 2691 257 2764 ἀπό
290 2720 365 2765 cnm
396 2692 584 2778 μανθάνειν
616 2701 800 2786 composuit
832 2709 864 2764 et
883 2699 918 2765 H
937 2708 973 2767 51
1010 2710 1181 2788 utrumque

63 2792 156 2882 παρά
190 2809 224 2864 et
258 2789 328 2863 άπό
364 2799 482 2883 posuit
535 2796 740 2884 Saepissime·
769 2793 1009 2863 πυνθάνεσθαι
1048 2799 1179 2875 (Aesch.

61 2901 170 2967 Prom.
195 2903 267 2966 992.
288 2898 379 2973 Eur.
400 2896 501 2984 Hipp.
523 2903 592 2964 919.
625 2899 748 2964 Herod.
768 2898 853 2962 Xen.
875 2904 947 2977 etc.)
979 2898 1078 2964 semel
1098 2892 1180 2961 πιά-

63 2999 196 3064 θεσθαι
219 2996 308 3077 (Eur.
326 2997 353 3062 Ι.
367 2995 407 3061 Α.
432 2999 524 3077 1138)
546 3005 578 3062 et
600 2993 722 3083 δαῆναι
743 2989 935 3076 (ἀσπαστῶς
948 3019 984 3061 κε
1008 2993 1099 3079 παρὰ
1122 2994 1180 3061 σέο

63 3095 116 3163 καὶ
136 3094 179 3162 τὸ
204 3089 319 3180 δαείην
341 3093 448 3181 Apoll.
469 3094 529 3160 Rh.
551 3095 580 3161 B
602 3104 674 3177 415)
694 3096 841 3183 legimus.
866 3096 1022 3182 Polybius
1045 3097 1107 3172 (Ill
1129 3102 1180 3173 48)

64 3191 206 3279 ἱστορεῖν
234 3219 308 3262 cum
334 3187 427 3276 παρά
457 3203 489 3259 et
518 3196 668 3279 genetivo
690 3195 884 3282 composuit.
907 3184 984 3259 olda
1007 3218 1059 3281 ap.
1080 3196 1179 3282 Soph.

64 3297 136 3362 Ant.
161 3303 233 3365 230.
260 3295 340 3361 Her.
361 3295 396 3361 ΙΙ
427 3293 578 3363 118.Ἀν.
600 3294 663 3362 Av.
686 3301 747 3363 692
769 3295 848 3381 Lys.
871 3295 904 3360 X
925 3301 953 3362 3.
997 3288 1180 3375 ἐπίσταμαι

66 3419 112 3484 sp.
136 3395 244 3461 Thuc.
272 3393 353 3461 VlII
374 3399 425 3462 48.
460 3392 560 3461 Isoor.
587 3393 651 3458 XV
675 3400 742 3461 223.
787 3387 956 3476 γνώσεσθε
987 3390 1019 3456 δ’
1046 3388 1090 3457 ἐκ
1116 3397 1181 3456 τῶν

66 3486 337 3580 ἐπιτηδευμάτων
363 3494 429 3557 τῶν
457 3487 564 3573 ε’μῶν,
596 3486 633 3570 ἐξ
664 3479 773 3574 ὦνπερ
796 3480 869 3557 οἷόν
890 3485 921 3553 τ’
948 3487 1033 3556 ἐστὶν
1053 3485 1181 3555 εἰδέναι

65 3591 119 3677 τὴν
153 3583 324 3677 ἀλήθειαν
355 3587 444 3657 πολὺ
474 3589 606 3672 μᾶλλον
633 3583 653 3677 ἢ
680 3588 797 3672 παρὰ
835 3592 902 3653 τῶν
932 3584 1180 3674 διαβαλλόντων

68 3693 161 3760 lsocr.
183 3691 251 3757 XV
272 3696 321 3759 37.
356 3689 673 3775 Pl.Leg.111692.
709 3690 767 3756 lul,
793 3689 857 3778 Ep.
879 3689 964 3755 XXI
991 3714 1024 3777 p.
1046 3696 1085 3758 68
1118 3687 1178 3765 (ed

68 3790 206 3878 Heyler).
229 3782 323 3873 παρά
346 3809 381 3871 ys
403 3783 547 3870 ἐμαυτοῦ
570 3781 665 3856 οὐδὲν
685 3782 793 3853 αὐτῶν
815 3783 997 3874 ἐννενόηκα,
1022 3781 1181 3863 συνειδώς

129 4009 155 4076 6)
174 4003 333 4077 λαμβάνειν
346 4004 384 4061 sd
401 4003 514 4077 duodus
531 4011 562 4062 ut
578 4007 698 4063 nehmen
716 4007 753 4063 sd
770 4005 946 4061 vernehmen.
