2836 4784
463 359 497 414 de
514 358 722 432 praepositione
741 359 826 436 nepot.
1163 366 1201 426 15

83 519 248 610 βασάνους
286 535 385 614 atque
406 526 489 593 Plat.
519 528 559 594 de
580 548 650 616 rep.
668 528 700 593 V
721 532 778 594 461
796 525 844 590 E:
874 524 923 590 δεῖ
942 518 1202 607 βεβαιώσασθαι

84 623 175 707 παρὰ
203 628 265 688 σοῦ
294 613 395 709 λόγου
425 637 458 692 et
485 627 569 692 Tim.
600 633 641 696 85
662 626 695 691 D
721 627 762 713 τῇ
794 615 877 705 παρ’
908 617 1010 714 αὐτῆς
1039 624 1120 703 (scil.
1146 626 1204 710 τῆς

81 723 193 810 χολῆς)
227 719 428 810 θερμότησι,
461 725 600 813 denique
628 725 724 791 Dem.
759 723 800 790 de
834 746 900 791 cor.
921 730 998 793 308:
1030 720 1118 807 παρὰ
1144 725 1204 810 τῆς

83 817 179 908 τύχης
200 818 407 909 συμβέβηκεν
428 817 624 905 ἐναντίωμα.
637 827 661 902 ⁴)
1260 828 1268 839 ‘

165 920 288 989 Etismv
308 924 396 1010 apud
428 925 625 1010 posteriores
663 923 840 1009 scriptores
868 920 1014 987 nonnulli
1043 923 1203 989 eiusmodi

83 1021 146 1088 loci
169 1031 316 1106 exstant,
348 1045 544 1111 quamquam
573 1023 753 1112 quodiam
780 1020 821 1087 de
846 1021 965 1087 Atticis
992 1022 1141 1106 valebat,
1168 1024 1202 1087 in

83 1122 273 1187 universum
294 1122 505 1188 abhorruisse
526 1122 678 1188 videntur
700 1121 741 1186 ab
762 1120 823 1186 hoc
844 1144 912 1186 usu.
955 1121 1031 1187 Duo
1053 1121 1204 1209 exempla

85 1220 165 1285 mihi
193 1232 325 1307 praesto
352 1230 440 1286 sunt:
474 1216 637 1301 ἐκμαθεῖν
662 1216 754 1304 παρὰ
783 1222 840 1306 τῆς
869 1215 982 1305 τέχνης
1001 1220 1138 1306 Longin.
1162 1221 1202 1286 de

80 1319 165 1384 subl.
187 1319 253 1388 Π3
275 1331 307 1386 et
325 1315 419 1402 παρὰ
437 1323 497 1404 τῆς
517 1313 665 1406 ἀνάγκης
675 1316 713 1384 τὸ
730 1313 897 1403 πρακτέον
915 1313 1091 1397 διδαχθείς
1101 1319 1204 1406 Long.

85 1418 173 1483 Post
192 1417 213 1482 -Ι
234 1426 285 1487 30.

168 1518 376 1606 Praepositio
397 1541 470 1584 cum
488 1519 617 1584 nomine
632 1517 685 1583 vel
703 1518 894 1604 pronomine
905 1519 1076 1585 coniuncte
1092 1528 1150 1582 aut
1161 1539 1202 1583 ex

84 1617 187 1683 verbo
218 1629 275 1682 sut
302 1620 421 1684 omisso
453 1617 555 1684 verbo
584 1618 754 1682 enomine
775 1616 828 1682 vel
850 1619 1042 1702 pronomine
1061 1616 1204 1704 pendere

85 1726 204 1804 potest.
249 1717 487 1802 Nonnunquam
510 1718 648 1783 verbum
663 1726 695 1781 ct
708 1739 826 1782 nomen
842 1739 939 1782 unam
953 1716 1092 1802 quodam
1107 1716 1202 1782 modo

86 1817 264 1899 notionem,
286 1839 329 1881 ex
349 1836 415 1904 qua
436 1818 636 1904 praepositio
659 1839 819 1903 suspensa
840 1827 899 1892 est,
925 1816 1079 1881 efficiunt.
1121 1816 1203 1882 Cum

84 1915 184 2001 longe
204 1915 354 2001 plurimis
374 1915 455 1981 loeis
476 1938 498 1981 a
517 1916 629 1982 verbis
652 1917 793 2003 pendeat
814 1926 912 2003 atque
932 1917 1030 1981 etiam
1052 1915 1108 1979 ubi
1129 1937 1203 1980 oum

86 2005 293 2079 substantivo
327 2018 551 2102 coniungitur,
574 2016 643 2081 fere
671 2037 799 2102 semper
827 2016 915 2080 notio
943 2013 1037 2078 verbi
1066 2013 1202 2080 alicuius

83 2114 199 2178 omissi
222 2114 369 2202 suppleri
391 2118 495 2201 possit
516 2117 622 2202 primo
642 2115 715 2180 loco
737 2115 881 2180 dicemus

609 2299 680 2379 ss.

168 2429 220 2494 de
243 2427 461 2513 nerpoicum
484 2431 678 2516 genetivo
699 2453 717 2495 e
736 2428 876 2494 verbis
903 2419 1116 2517 suspenso.

118 2663 122 2667 ,
166 2594 214 2660 Et
235 2595 377 2680 primum
400 2595 530 2682 quidem
546 2596 587 2662 de
600 2596 710 2662 verbis
725 2594 931 2678 venien-di,
954 2605 1023 2660 tum
1036 2594 1077 2661 de
1090 2595 1202 2662 verbis

86 2694 254 2781 agendi,
297 2694 480 2760 sumendi
525 2690 558 2760 et
594 2696 835 2782 accipiendi
874 2700 1033 2761 sententia
1065 2696 1202 2782 propria

85 2795 254 2881 usurpatis
285 2792 408 2877 dicam,
438 2793 557 2880 quibus
584 2795 704 2860 finibus
725 2817 813 2881 ususv
834 2796 1086 2897 praepositionis
1114 2792 1202 2880 apud

84 2889 267 2962 Homerum
296 2892 577 2978 circumcluditur;
600 2893 689 2981 apud
717 2916 812 2980 quem
835 2895 992 2981 primaria
1015 2904 1047 2958 et
1060 2894 1202 2980 genuina

87 2992 285 3078 significatio
305 2992 583 3079 praepositionum
604 2993 625 3060 i
654 3016 680 3059 e.
704 3013 743 3058 ea
759 3015 843 3083 quae
861 2993 904 3058 ad
923 2993 1031 3083 locum
1052 2994 1200 3080 pertinet,

87 3093 489 3158 accuratissime‘servate
509 3102 568 3159 est.
606 3093 723 3159 Liceat
742 3093 842 3178 igitur
864 3091 945 3158 mihi
964 3092 1136 3159 nonnullos
1156 3093 1200 3158 lo·

87 3213 158 3276 cos,
182 3214 226 3257 ex
248 3191 366 3279 quibus
386 3193 545 3279 primaria
567 3193 761 3279 significatio
783 3192 1036 3279 praepositionis
1058 3187 1151 3278 παρά
1172 3215 1201 3263 c.

87 3312 156 3376 gen
178 3294 303 3377 optime
332 3292 486 3377 cognosci
506 3302 623 3379 potest,
646 3293 778 3357 afferre:

125 3436 129 3442 -
163 3383 257 3466 Ἠὼς
278 3379 306 3452 δ’
322 3383 367 3452 ἐκ
388 3385 509 3468 λεχέων
530 3383 609 3472 παρ’
631 3383 758 3474 ἀγαυοῦ
783 3390 954 3453 Τιθωνοῖο
976 3379 1100 3470 ὤρνυτο
1120 3393 1200 3474 Al,

88 3495 130 3557 sl
147 3488 267 3578 quibus
279 3488 360 3563 locis
372 3490 466 3574 unice
478 3483 571 3572 παρά
586 3493 746 3574 convenit,
769 3490 846 3578 quia
853 3489 984 3563 Aurora
1001 3499 1200 3577 pernoctem

89 3585 177 3671 nupsi
206 3590 352 3673 Τιθωνῷ
375 3582 560 3676 ἐκοιμήθη,
586 3590 696 3676 itaque
714 3586 806 3671 παρὰ
833 3590 991 3654 Τιθωνοῦ
1014 3598 1127 3674 surgat
1147 3609 1200 3650 ne-

91 3708 175 3755 cesse
197 3696 256 3755 est.
299 3687 393 3770 Quae
412 3687 563 3776 exempla
585 3687 681 3755 simul
702 3689 818 3755 docent
834 3686 980 3754 Graecos
1001 3688 1059 3753 ubi
1079 3695 1199 3750 motum

137 3884 181 3988 .4)
207 3920 373 3985 Latinorum
398 3918 495 3974 similis
511 3919 584 3976 rotis
609 3925 652 3974 est
672 3936 803 3993 cumpro
820 3919 937 3991 simplici
954 3917 1077 3973 ablativo
1094 3920 1202 3986 ponant

93 4000 240 4061 maurum
259 4020 322 4079 cum
337 4004 543 4079 praepositione
558 4023 579 4061 ο
595 4004 684 4060 velut:
702 4005 800 4061 doctus
817 4010 953 4060 enatura
971 4007 1025 4059 etc.
