2836 4784
195 385 256 450 258
707 383 791 439 Auen
850 443 853 450 .

197 551 317 615 stitisse
349 573 391 639 ex
421 551 538 638 spiritu
571 573 688 638 aspero
696 602 704 634 ,
737 537 890 639 apparot
904 548 1025 617 nullam
1060 551 1165 641 hujus,
1185 550 1265 616 radic?

196 650 332 718 formam
356 672 473 737 aspero
494 674 622 737 semper
645 654 803 718 caruisse:

320 765 416 850 Vulg.
440 757 522 848 ἅνω,
651 758 740 850 dysis,
809 767 906 832 Lesb.
927 768 1005 833 Lac.
1023 759 1182 849 ’oeyc'opcu

321 865 416 930 Locr.
441 860 521 947 ἅνω,
552 866 630 930 Lac.
653 859 743 949 ἁγός,
910 867 1008 953 Vulg.
1029 861 1179 953 ἡγέομαὶ,
1214 878 1216 883 ’

279 982 414 1068 Legitur
444 981 542 1046 semel
573 983 743 1049 manifesto
774 1006 882 1048 errore
909 975 1103 1046 Ὁπωντίων
1136 980 1265 1071 (Hypo

198 1104 258 1166 pro
279 1073 480 1156 Ὀπωννίων,
504 1081 565 1146 hoc
586 1076 692 1147 autem
716 1092 901 1148 constanter
924 1083 1013 1148 alibi.
1044 1077 1051 1084 ¹

279 1181 436 1245 Videmus
452 1181 566 1265 ,igitur
601 1166 799 1266 Locrenses,
838 1205 937 1271 quum
972 1181 1128 1248 nonnulla
1162 1181 1202 1246 ab
1232 1179 1265 1245 ali

197 1289 322 1343 mutata
344 1282 465 1344 intacta
486 1280 720 1367 relinquerent¹
734 1293 842 1346 tamen
863 1283 896 1361 in
912 1283 1102 1346 universum
1124 1303 1188 1345 non
1201 1280 1265 1344 mim

199 1401 295 1465 quem
317 1378 457 1467 reliquos
480 1378 623 1444 Graecos
645 1381 744 1446 fuisse
766 1405 887 1468 pronos
917 1381 960 1445 ad
988 1381 1140 1468 spiritum
1160 1400 1265 1466 aspcru

199 1490 230 1542 et
250 1478 518 1566 supprimendum
539 1489 571 1542 et
593 1478 787 1545 addendum.

710 1818 729 1896 ἕ
755 1821 801 1880 12.

385 1963 444 2027 De
470 1964 699 2048 aphacrasc',
730 1963 912 2039 elisione,
941 1987 1124 2049 apocope.

285 2121 311 2179 1.
356 2114 560 2201 Aphaeresin
586 2116 656 2201 jam
691 2115 833 2178 diximus
862 2137 1022 2200 apparere
1052 2117 1086 2179 in
1106 2107 1265 2193 o‘t'mfooa

135 2219 137 2226 '
199 2212 300 2299 (Hyp.
335 2216 363 2291 1)
400 2236 594 2301 quamquam
634 2206 726 2278 alibi
749 2237 813 2278 non
850 2216 1027 2300 reperitur;
1071 2225 1102 2280 et
1139 2236 1212 2278 sane
1244 2229 1265 2274 c:

203 2312 433 2398 spectabamus
455 2316 489 2377 in
511 2336 549 2377 co
571 2312 642 2377 loco
657 2314 782 2383 cresin.

284 2433 312 2494 2.
348 2427 451 2494 Elisio
473 2430 509 2494 fit
529 2440 566 2494 ut
587 2427 694 2513 vulgo⁷
716 2430 780 2517 nisi
802 2428 888 2516 quod
903 2427 1082 2496 numeralia
1097 2430 1169 2492 eam
1184 2427 1265 2514 pstis

199 2535 268 2590 tur:
301 2518 374 2589 δέκ’
412 2519 545 2610 ἆμαρᾶν
575 2528 648 2604 (Oa
672 2534 713 2610 5),
749 2516 978 2591 nevaraoidsa'
1015 2519 1139 2606 ἄνδρας
1171 2527 1222 2606 (ib.
1243 2527 1265 2590 li

201 2616 299 2704 ἐννέ’,
311 2617 434 2705 ἄνδρας
449 2628 502 2704 (ib.
518 2634 575 2710 14),
595 2618 761 2708 τριάκοντ’,
783 2618 930 2706 ἄμάραις
950 2627 1051 2713 (Hyp.
1064 2633 1127 2708 42),
1148 2620 1265 2707 τριάκοι

201 2717 330 2806 ἀμάραι
353 2726 407 2802 (ib.
422 2733 482 2802 43l
514 2725 657 2793 Eliditu'r
680 2748 716 2787 αι
738 2728 770 2791 in
793 2719 828 2788 ui
850 2717 964 2788 deilrr'
989 2718 1265 2813 drxwprirfflypl

202 2848 397 2915 quamquam
432 2826 510 2890 alibi
549 2835 659 2889 manet
691 2825 803 2890 eadem
844 2827 1028 2890 terminatio
1067 2832 1142 2888 ante
1174 2821 1265 2889 vocali

17 2886 174 3039 ’ξίν-ζὼν
200 2924 542 3019 Βορῃυ,,μωὶς1θῒιιν
572 2924 664 3003 (Ahr.
692 2926 771 2992 Dor.
803 2931 875 3000 382)
904 2925 1027 2990 vocalis
1058 2923 1265 3009 particulam

4 3055 24 3115 Ἰ)

39 3077 48 3154 l

38 3059 82 3106 Q
116 3046 133 3095 ,ν
202 3023 334 3088 elisione
354 3048 418 3089 non
441 3035 593 3111 exempta
615 3034 672 3090 est.

285 3147 312 3206 3.
355 3140 644 3226 Praepositionunr
667 3163 828 3227 apocope,
861 3162 925 3226 qua
956 3138 1061 3203 finalis
1087 3139 1213 3204 vocalis·
1233 3160 1265 3202 sn

156 3254 158 3259 '
202 3231 432 3303 consonantem
454 3239 621 3327 abjicitur,
651 3263 750 3325 parce
777 3239 950 3303 utebantur
976 3239 1091 3318 Locri,
1119 3251 1155 3303 ut
1183 3237 1265 3303 omni]

189 3339 473 3422 -septentrionales
488 3339 604 3403 Dores.
634 3331 712 3402 Ἀνά
728 3341 761 3403 in
781 3339 967 3424 compositis
982 3339 1119 3403 sormam
1136 3330 1176 3399 r'r'v
1193 3334 1265 3402 indui

202 3429 397 3515 ἄνδιχάζειν,
423 3430 588 3520 ἆνχωρεῖν,
615 3438 701 3525 q'uod
724 3438 760 3501 fit
776 3440 814 3501 in
830 3438 895 3503 tab.
912 3437 1044 3502 Heracl.
1060 3457 1158 3525 quum
1180 3440 1212 3502 in
1224 3455 1265 3499 cot

202 3539 361 3621 positione
389 3529 597 3625 (ἆνγράφειν,
628 3529 840 3619 ἀμμισθόω),
874 3547 943 3601 tum
972 3538 1071 3623 etiam
1100 3539 1146 3624 in
1162 3553 1265 3622 separa⁴

201 3659 299 3719 voce,
330 3628 383 3714 (iia
408 3632 469 3698 ’τάν
498 3644 584 3720 etc),
618 3637 675 3702 sed
697 3637 792 3702 Locr.
816 3629 879 3698 ἀνὰ
901 3630 939 3699 τό
961 3636 1019 3701 02.
1041 3626 1070 3703 3'.
1111 3630 1265 3721 Corcyrt]

203 3736 238 3801 O.
269 3737 295 3801 Ι.
332 3743 409 3805 1845
449 3737 581 3801 exhibet
620 3736 806 3800 decurtatos
848 3737 968 3800 formas
1000 3737 1137 3820 integris
1167 3735 1265 3798 infecta

202 3836 406 3921 Praepositio
429 3830 507 3916 περὶ
528 3836 690 3900 insolitam
711 3836 848 3899 formam
872 3835 970 3899 habet
992 3829 1068 3917 πέρ,
1095 3836 1135 3898 cf.
1157 3833 1204 3898 El.
1218 3820 1265 3902 adt

203 3957 310 4020 pauca
333 3935 406 4003 aliar
421 3935 572 4021 exempla
602 3935 731 4020 collegit
751 3935 830 3998 Ahr.
851 3935 932 3999 Dor.
953 3941 1021 4002 357.
1064 3927 1160 3998 Κανά
1182 3943 1211 3997 et
1226 3945 1261 3990 νθ

30 4043 54 4069 ’·
101 4047 106 4055 ’
203 4034 378 4099 secundum
403 4034 532 4099 solitum
554 4034 690 4099 Doridis
718 4057 858 4117 morem,
884 4056 1052 4121 apocopen
1075 4036 1213 4100 'sustinet
1229 4043 1265 4091 an‘
