2836 4784
509 352 544 407 de
561 311 767 425 praepositione
779 312 874 424 Ινιαρυί.
950 438 953 444 ¹
1224 359 1263 423 73

146 536 240 598 τερον
270 519 315 586 id.
346 520 487 607 metaph.
517 520 620 590 9843)
651 529 698 589 17.
731 532 763 588 et
797 523 866 588 sim.
900 523 940 589 cf.
972 521 1176 588 Euckenium
1210 522 1263 594 (de

151 639 262 706 praep.
282 643 347 685 usu
368 643 418 706 ap.
440 619 542 687 Arist.
564 643 597 707 p.
617 623 681 702 60.)
1262 640 1265 646 ’

229 717 259 782 Ε
291 729 410 784 natura
445 722 725 806 comparationum
761 722 907 809 sequitur
938 731 974 786 ut
1004 720 1153 808 plurimis
1182 719 1263 785 locis

159 837 219 881 oum
243 817 426 884 verbavel
455 821 681 906 comparativa
710 819 761 884 vel
792 820 993 907 superlativa
1014 819 1067 884 vel
1088 821 1155 884 vim
1179 841 1262 886 oom-
1279 837 1296 855 ··

162 917 292 1001 parandi
314 917 470 983 habentia
492 918 621 983 adiecta
644 929 726 1001 sunt,
749 914 840 1000 παρά
863 943 935 984 oum
958 922 1145 984 accusativo
1168 941 1205 983 eo
1222 918 1263 983 de

166 1039 213 1102 quo
236 1019 346 1101 agitur
367 1018 532 1084 intellectu
553 1029 745 1105 usurpatum
777 1020 828 1100 sit,
858 1021 948 1083 ouius
974 1019 1110 1083 dicendi·
1125 1019 1263 1083 rationis

167 1138 247 1180 unum
268 1117 453 1204 exemplum
483 1119 572 1205 apud
593 1118 796 1184 Herodotum
825 1119 1029 1205 repperimus
1053 1119 1108 1206 qui
1131 1119 1264 1204 scripsit

171 1207 289 1295 γενοίατ>
315 1208 355 1278 ἂν
376 1212 468 1298 παρὰ
491 1215 548 1304 την
570 1210 700 1281 ἑωυτῶν
718 1213 820 1303 φύσιν
837 1209 1009 1298 ἀμείνονες
1023 1217 1087 1282 VH
1102 1223 1174 1295 103,
1198 1217 1262 1281 duo

173 1313 240 1399 apud
260 1315 504 1402 Thucydidem:
530 1313 654 1397 χειμὼν
681 1311 799 1398 μείζων
825 1313 915 1398 παρὰ
941 1312 999 1403 τὴν
1020 1318 1263 1401 καθεστηκυῖαν

175 1407 240 1493 ὥραν
257 1415 305 1479 IV
327 1421 346 1483 0
369 1425 400 1481 et
422 1409 514 1503 ἡλίου
546 1410 717 1501 ἐκλείψεις
744 1408 784 1478 αἳ
807 1411 1007 1496 πυκνότεραι
1033 1411 1125 1496 παρὰ
1156 1411 1197 1476 τὰ
1226 1408 1262 1476 έκ

176 1513 215 1574 τοῦ
241 1510 316 1595 πρὶν
347 1509 469 1596 χρόνου
499 1510 770 1602 μνημονευόμενα
789 1512 970 1600 ξυνέβησαν
998 1517 1086 1597 123,
1109 1521 1138 1583 3.
1174 1513 1262 1600 apud

177 1609 314 1678 Platonem
334 1614 416 1680 haec
440 1627 528 1684 suut:
552 1609 695 1697 αἱρέσεις
712 1617 778 1677 τῶν
798 1610 958 1679 τοιούτων
980 1608 1117 1690 πλείους
1131 1607 1262 1677 ἔσονται

179 1708 242 1791 παρὰ
261 1709 337 1790 τοὺς
356 1706 481 1790 ἄλλους
503 1738 572 1802 rep.
597 1715 624 1779 V
646 1721 714 1784 468.
736 1716 756 1780 i.
780 1738 806 1780 e.
836 1717 966 1802 saepius
994 1713 1161 1799 eligendos
1191 1737 1261 1777 esse

179 1831 248 1894 quam
274 1823 415 1888 eeteros3
449 1814 589 1880 Phaedr.
621 1820 690 1883 285.
725 1837 792 1901 rep.
825 1821 883 1881 204
913 1814 948 1880 0.
982 1808 1047 1882 290
1070 1814 1108 1880 Β.
1144 1813 1285 1882 3000·

179 1905 283 1978 Phaedr.
306 1919 366 1981 236
387 1913 435 1979 B.·
453 1908 494 1974 τὰ
527 1915 590 1975 τῶν
611 1907 714 1992 ξένων
740 1909 795 1977 καὶ
816 1907 863 1989 είς
883 1909 961 1988 τοὺς
982 1907 1094 1991 ξένους
1115 1905 1262 1998 ἁμαρτί-

179 2026 240 2082 μαια
255 2010 344 2093 παρὰ
366 2015 432 2074 τῶν
454 2010 604 2075 πολιτῶν
624 2019 680 2090 (sc.
703 2005 932 2099 ἁμαρτήματα)
954 2004 1002 2088 εἰς
1022 2009 1107 2076 θεὸν
1123 2003 1262 2095 ἀνηρτη-

179 2099 388 2192 μέυατιμωρόν
409 2109 540 2193 μᾶλλον
561 2112 646 2177 Plat.
668 2112 730 2200 leg.
749 2114 782 2178 V
803 2119 863 2179 729
882 2113 921 2178 Ε.
934 2114 973 2191 13)
1015 2111 1115 2199 Apud
1136 2110 1260 2175 Aristo·

146 2236 150 2245 ·
179 2203 254 2291 telem,
280 2221 412 2276 auctore
442 2211 573 2299 quidem
601 2213 771 2279 Enckenio
794 2212 825 2290 (l.
851 2211 873 2276 l.
901 2236 931 2299 p.
960 2218 1032 2295 ot),
1064 2203 1155 2291 παρυί
1188 2233 1259 2275 oum

182 2313 334 2376 accusativo
364 2310 637 2398 praecedentibus
671 2314 904 2400 comparativis
935 2312 1102 2376 rarissime
1132 2310 1259 2397 legitur,

184 2409 278 2491 saepius
298 2412 463 2476 tamenin
485 2413 756 2502 commentatione
777 2411 817 2476 de
838 2411 959 2498 plantis
981 2418 1041 2480 817
1051 2411 1072 2477 b
1094 2417 1142 2477 32.
1166 2407 1260 2479 stab

186 2502 214 2568 33
228 2513 273 2576 021
292 2533 321 2597 a
335 2517 384 2579 18.
736 2531 739 2537 ·
897 2560 901 2565 -

127 2636 130 2640 ⁴
234 2607 395 2674 Plutarchi
410 2610 492 2675 haec
507 2608 657 2696 exempla
671 2609 787 2674 afferre
802 2609 912 2674 liceat:
934 2609 992 2693 τῆς
1013 2598 1127 2670 ἀϊδίου
1149 2598 1261 2680 εὐδαι-

180 2697 263 2783 totu
283 2701 498 2790 αἱρετωτέρας
516 2703 691 2828 μινομέυης
711 2706 798 2828 παρὰ
821 2705 878 2794 τὴν
900 2700 1077 2789 αμεριαίαν
1099 2708 1139 2772 de
1163 2707 1260 2770 Stoic.

180 2817 224 2886 sep
245 2813 317 2876 1040
339 2809 434 2874 D.
417 2801 463 2884 ὡς
488 2804 529 2870 τὰ
552 2804 663 2923 θερμὰ
685 2804 774 2894 παρὰ
804 2804 845 2871 τὰ
861 2804 978 2895 ψυχρὰ
1001 2800 1190 2888 θερμότερα
1205 2826 1261 2867 και

178 2891 205 2956 43
206 2896 348 2988 ςηόονὰς
368 2903 460 2988 παρὰ
483 2929 560 2984 τους
581 2902 706 2984 πόνους
726 2903 967 3027 σιηρδροτέρας,
999 2901 1084 2968 οἵτω
1111 2900 1152 2966 τὰ
1175 2902 1261 2984 λαμ-

178 2994 423 3124 493φαίνεσοαι
451 3002 543 3085 παρὰ
569 3003 612 3070 τὰ
642 3004 801 3072 σκοτεινὰ
823 3000 950 3093 φανεραί
978 3006 1017 3070 de
1045 3006 1143 3070 fac.
1134 3028 1168 3069 rn
1195 3003 1262 3068 lun.

177 3095 217 3164 33
204 3101 266 3168 30.
287 3101 377 3185 παρὰ
399 3127 476 3180 τους
497 3097 621 3183 σίλλους
643 3103 847 3187 δικαιότερον
876 3107 1012 3185 κοσμεῖν
1034 3097 1118 3167 θεόν
1143 3103 1259 3168 Iulian.

177 3210 211 3302 fh
227 3205 269 3267 34
287 3209 331 3290 (p
343 3208 415 3281 39..)
457 3201 533 3285 έμολ
554 3204 639 3287 πρὸς
658 3204 696 3270 σέ
719 3200 900 3289 πεποίηται
927 3200 1017 3286 παρὰ
1039 3224 1116 3276 τους
1138 3199 1262 3277 αλλσυς

177 3278 320 3380 ίὸιαίτερσν
344 3297 527 3389 ἐπιπολῆς
549 3296 638 3384 εἶδος
660 3331 710 3395 ep.
732 3307 876 3372 LXIII
867 3328 910 3370 ru.

235 3397 373 3467 Unumt
360 3414 487 3470 tantum
507 3406 614 3471 locum
643 3406 698 3470 ubi
728 3405 883 3491 superlat
875 3427 948 3468 rvus
971 3402 1090 3487 legitur
1112 3406 1260 3491 repperi:

177 3477 289 3562 λ33ν“
270 3523 307 3564 ον
333 3499 425 3584 παρὰ
459 3500 584 3581 πάντας
611 3495 810 3586 αεργότατον
837 3502 930 3566 τέκεν
960 3498 1014 3582 αλ
1002 3525 1047 3587 ιη
1076 3503 1161 3590 Opp.
1184 3502 1259 3570 Hal.

176 3584 227 3661 ΙΙ3
213 3600 269 3667 300
313 3601 465 3689 Denique
487 3627 542 3669 eos
563 3603 654 3669 locos
678 3604 735 3669 ubi
762 3603 899 3669 verbum
926 3605 1183 3689 comparativam
1204 3626 1260 3668 no·

176 3754 357 3780 N*

225 3849 259 3916 lt)
273 3849 381 3904 Eadem
397 3849 551 3904 rationein
574 3850 827 3921 comparationibus
845 3849 1050 3921 praepositione
1068 3847 1142 3917 πρός
1159 3845 1260 3902 Graeci

176 3921 273 4067 ¹I¹I⁸i³⁸5unt
289 3935 367 3988 velut
385 3933 473 3989 Thuo.
491 3933 533 3987 III
551 3937 631 4001 37,‚3.
648 3933 717 3990 VIII
734 3939 776 4004 41,
792 3940 815 3990 1.
834 3935 906 3991 Xon.
920 3935 1002 3988 Mem.
1017 3931 1058 3985 III
1076 3937 1100 4000 5,
1112 3937 1136 3986 4.
1154 3931 1258 3988 Herod.
1355 3968 1361 3981 ·
