2836 4784
152 352 209 416 152
539 357 549 377 ·
654 343 789 398 Bcnseler
863 387 868 394 .

233 512 395 601 Exempla
415 534 498 600 quae
526 537 652 579 summo
675 511 779 579 studio
801 508 1013 579 aRitschelio
1039 507 1176 575 collecta
1196 527 1229 572 es

146 617 216 704 jam
239 613 488 681 memoravimus
510 613 591 679 haee
613 625 700 678 sunt:

234 715 374 801 primum
388 722 459 778 octo
481 714 514 777 in
529 714 718 800 epigraphis
737 714 874 780 ollarum
895 712 1128 778 cinerariorum
1140 731 1238 798 repet

151 827 183 883 et
203 823 319 879 cuncta
337 811 379 878 ad
397 820 545 898 tempora
565 812 641 878 belli
655 813 870 879 Mithridatici
890 811 1180 898 Gracchorumque
1198 831 1238 896 pe

150 916 301 997 tinentia,
330 934 413 998 quae
433 912 628 979 Ritschelius
661 912 741 981 decl.
770 938 801 1003 p.
825 921 842 979 7
865 936 934 1000 sqq.
961 910 1119 977 reddidit:
1148 908 1238 977 Sesti

155 1015 290 1081 Touana
307 1012 442 1078 (luceolis
451 1012 644 1078 Borrmcs—
660 1015 679 1081 i.
688 1037 714 1079 e.
725 1014 897 1079 Barcaeus
915 1021 950 1078 ut
969 1011 1034 1076 Vol
1048 1010 1171 1076 erasos
1187 1007 1238 1073 Bo

151 1137 268 1181 mous:
302 1111 553 1200 ‚Mo'tthealuayea
586 1113 641 1178 des
677 1114 804 1179 Vereins
834 1113 893 1199 far
915 1110 1095 1176 Gescluclrtc
1115 1135 1146 1176 a.
1168 1107 1238 1175 Alte

151 1211 371 1297 mumokuade‘
392 1220 413 1276 t.
424 1211 467 1276 Π.
491 1235 523 1299 p.
540 1219 596 1282 118
614 1236 702 1300 sqq.;
720 1213 761 1278 D.
781 1211 905 1278 Publici
920 1209 1052 1275 Batrioi
1068 1212 1090 1277 i.
1102 1207 1238 1275 eBam

152 1318 185 1380 in
205 1314 308 1379 Inscr.
332 1310 432 1376 Orell.
454 1335 483 1376 n.
510 1319 597 1395 1658,
620 1336 640 1378 a
661 1313 838 1380 Ritschelio
861 1310 1017 1399 supplem.
1038 1316 1113 1400 p47
1140 1329 1238 1394 comp

152 1413 247 1479 randi
268 1434 369 1476 eausa
388 1411 521 1477 allatum
543 1449 583 1460 -
604 1412 747 1501 Boqoaia
772 1412 877 1478 Gadis
896 1411 1005 1477 Remis
1024 1407 1170 1490 Artacie,

235 1510 352 1578 deinde
380 1514 560 1578 recentiora
591 1537 657 1578 non
688 1514 783 1577 nimis
816 1512 933 1586 multa,
968 1534 989 1575 a
1018 1507 1197 1574 Ritschelio
1228 1505 1238 1571 i

152 1637 182 1699 p.
204 1619 223 1679 6
246 1635 315 1696 sqq.
339 1619 504 1675 enarrata:
532 1611 684 1678 salossa
703 1611 827 1676 Lucdls‘s
845 1609 1028 1693 Sorru‘loris,
1050 1607 1104 1674 vel
1126 1608 1238 1694 potius

154 1715 340 1800 conjectura
368 1708 538 1776 Ritschelii
564 1710 735 1794 domionis,
762 1709 880 1775 Nosses
900 1709 994 1775 Helo
1013 1707 1106 1774 deos
1129 1706 1213 1789 (misi

153 1812 213 1877 fuit
233 1811 341 1897 potius
361 1809 476 1895 Sepos‘)
502 1810 618 1877 Brutis
639 1811 751 1876 Falco's‘
778 1808 958 1875 Venatum
978 1806 1138 1895 Eltqeaos,
1164 1826 1238 1892 qual

153 1913 203 1976 vis
224 1911 287 1975 hoc
314 1912 422 1997 potius
445 1908 608 1977 Graecum
637 1913 694 1995 sit,
725 1910 823 1977 Accae
856 1919 916 1993 (,ut
934 1908 1088 1984 videtur‘)
1116 1905 1238 1979 Joaaos

152 2010 267 2077 sotto
279 2009 369 2075 scos·
384 2009 512 2075 Scotum
535 2011 783 2098 (‚perdubium‘),
804 2020 836 2074 et
856 2011 890 2075 in
911 2011 1011 2075 muris
1029 2005 1238 2094 parietinum

154 2110 363 2196 Pompejanis
384 2110 488 2174 ineisa
506 2111 666 2194 quaedam
692 2133 786 2195 ‚quae
807 2111 869 2175 etsi
890 2107 1068 2197 perdubiac
1090 2127 1190 2193 saepe
1207 2103 1238 2173 le

153 2209 251 2274 tionis
289 2217 380 2290 sunt,
419 2218 528 2275 tumen
558 2213 672 2276 ceteris
706 2212 845 2275 certiora
881 2208 1032 2273 videntur
1063 2206 1145 2275 haec
1177 2224 1238 2269 essa

153 2308 283 2394 Hoqt'as
315 2306 477 2392 Ampelos,
517 2311 576 2375 etsi
609 2311 671 2377 hoc
710 2331 838 2398 quoque
874 2309 981 2395 potius
1015 2305 1177 2370 Graecum
1204 2325 1238 2377 -cr

154 2407 299 2472 Gallaecia
336 2410 431 2489 (,nisi·
453 2408 595 2474 fallimur
629 2409 836 2491 Gallaolus‘),
868 2405 1079 2494 Palmyrenae,
1110 2403 1238 2467 Atrum

152 2506 281 2592 Apuleia
301 2508 322 2573 i.
346 2529 371 2572 e.
393 2507 506 2593 Apelli
542 2559 550 2574 .

66 2622 68 2626 ‘
194 2672 198 2677 ,
235 2606 297 2670 His
319 2606 474 2671 nonnulla
502 2607 650 2692 quamvis
680 2628 846 2693 perpauca
868 2604 989 2670 addere
1017 2603 1108 2690 potui
1137 2624 1155 2666 e
1185 2600 1238 2668 vol

153 2707 239 2771 mine
270 2704 371 2771 altero
404 2705 644 2791 inscriptionum
677 2706 871 2771 latrinarum
900 2704 947 2788 ab¹
972 2703 1142 2767 Haebaero
1172 2725 1238 2790 nup

155 2806 248 2871 edito.
293 2804 390 2870 Sunt:
416 2803 449 2869 0.
474 2804 586 2869 Julaisa
606 2805 717 2869 Iluam
736 2805 778 2869 ib.
801 2811 893 2888 3716,
921 2803 960 2867 L.
983 2801 1104 2866 Tueris
1119 2800 1162 2866 ib.
1183 2807 1238 2869 197

155 2912 224 2987 256,
246 2904 382 2972 Sertorio
402 2903 445 2970 ib.
461 2910 552 2987 3656,
575 2904 661 2975 Oua.
686 2904 779 2970 etas
798 2903 942 2989 Ampelos
959 2902 1002 2968 ib.
1017 2907 1089 2984 494,
1110 2901 1198 2990 quod
1211 2925 1238 2967 m

155 3005 369 3070 concesserim
394 3027 510 3069 nomen
535 3004 691 3071 muliebre
723 3028 794 3070 esse
824 3004 881 3069 sed
914 3004 1022 3091 potius
1051 3001 1148 3067 virile
1174 3001 1238 3068 Gra

156 3128 227 3169 curn
256 3113 290 3168 ut
326 3127 425 3190 supra
457 3113 671 3171 memoratum
699 3105 829 3192 Hoqt'us
857 3103 1001 3188 Ampelii
1030 3111 1061 3166 et
1086 3093 1229 3166 ‘Avns'l

157 3204 192 3270 O.
212 3204 240 3270 I.
260 3203 317 3269 Gr.
340 3227 370 3267 n.
393 3207 490 3269 5304·
511 3210 600 3286 6440,
622 3203 659 3266 Ρ.
688 3204 854 3290 Verqc'lo'us.
876 3204 912 3266 P.
927 3202 965 3267 L.
979 3202 1107 3267 Samnis
1127 3201 1170 3266 ib.
1185 3206 1236 3268 351

42 3362 44 3366 .
155 3303 211 3368 ubi
233 3303 371 3386 ,Samnis
392 3325 569 3389 cognomen
594 3313 651 3387 est,
672 3327 736 3368 non
758 3302 870 3390 populi
893 3303 1087 3366 Samnitium
1108 3299 1238 3367 indicati

155 3426 185 3470 v.
209 3402 376 3468 Huebneri
404 3412 513 3468 notam
541 3403 584 3469 ad
611 3404 695 3469 hanc
723 3403 982 3490 inscriptionem
1022 3401 1108 3465 lota
1128 3400 1238 3480 Broetl

156 3504 198 3570 ib.
222 3508 313 3586 4971,
345 3505 414 3585 498,
437 3525 464 3586 c,
480 3505 640 3588 ⁴quamvis
673 3513 807 3592 propter
836 3502 1065 3587 inscriptiones
1098 3505 1187 3576 4971,
1206 3503 1238 3564 49

141 3627 186 3678 a.
206 3603 237 3668 b.
261 3625 320 3690 pro
338 3602 425 3666 Vaccis
445 3602 588 3669 scribere
612 3603 778 3669 maluerim
799 3602 925 3684 suavo,
945 3600 1049 3665 Jum‘a
1070 3599 1115 3665 M.
1136 3598 1174 3666 F.
1195 3597 1238 3664 aa

155 3703 271 3768 modun
291 3702 333 3767 ib.
350 3706 437 3784 1837,
457 3703 521 3766 nisi
541 3702 577 3768 id
598 3702 775 3768 barbarum
798 3712 854 3766 est,
881 3700 1039 3766 Perdubii
1059 3707 1142 3782 sunt,
1165 3721 1238 3784 quar

156 3805 207 3867 vis
236 3804 384 3869 omittere
414 3802 588 3886 noluerim,
620 3803 762 3888 genetivi
783 3800 936 3867 Modestis
954 3809 987 3865 et
1007 3798 1129 3864 Sloccsi
1149 3798 1192 3863 ib.
1214 3805 1238 3864 41

155 3903 190 3966 in
211 3901 274 3966 hac
294 3901 519 3989 inscriptione:
563 3901 711 3984 Quintus.
734 3900 905 3967 Modestis*
927 3899 966 3964 A.
987 3898 1095 3964 XXV.
1127 3895 1238 3962 Placid

156 4000 313 4066 Modestis
348 4000 388 4067 A.
416 3999 510 4067 XIII.
540 4002 686 4067 Boudiea
724 4001 856 4066 Slaecis.
894 3998 1062 4064 Modestus
1103 3995 1238 4064 Cirtiatir
