2836 4784
449 350 483 404 de
503 351 620 404 dialecto
638 350 825 405 Locrensium.
1071 320 1074 324 >
1131 358 1192 419 249

121 515 289 602 elgaribus3
315 519 349 579 in
371 523 410 585 20
434 517 537 582 hiatus
570 518 799 584 removebatur
821 540 879 604 per
902 540 918 577 a
940 514 1190 602 ephelcysticon,
1309 524 1311 529 '

121 637 152 685 uo
170 616 270 700 ejecto
290 614 463 680 Bekkerus
484 616 519 678 f
535 619 688 700 restituit;
711 617 827 682 deinde
848 616 955 680 decios
978 616 1101 679 occurit
1119 638 1190 679 ver-

121 737 145 778 os
170 714 221 800 qui
250 713 348 798 vulgo
379 714 495 800 legitur
523 710 568 790 ὡς
595 707 700 778 εἰπὼν
719 709 849 795 ,ὤτρυνε
874 711 975 794 μένος
1003 708 1060 774 καὶ
1080 710 1193 792 θυμὸν

121 805 238 886 murco,
272 835 337 898 qua
364 813 398 876 in
423 814 561 879 formula
588 816 763 880 veterrima
791 814 962 880 Bekkerus
985 821 1090 892 certa,
1120 835 1191 877 meo

121 911 212 995 uidam
234 901 375 997 judicio,
406 912 629 984 emendatione
661 914 807 1000 reposuit
835 907 947 991 dopna
966 931 1018 992 os3
1055 911 1192 997 denique
1279 908 1283 916 ’

121 1009 247 1077 utribus
263 1009 336 1074 aliis
357 1009 438 1077 locis
467 1011 531 1076 levi
557 1034 598 1077 ac
618 1011 781 1098 probabili
804 1012 980 1083 mutatione
1001 1008 1123 1081 hiatum
1144 1032 1191 1073 re·

121 1109 193 1173 luxit:
222 1110 352 1177 omnino
375 1116 413 1177 99
434 1120 507 1183 sunt
528 1111 592 1175 loci
613 1110 669 1175 ubi
692 1135 758 1176 vox
780 1133 800 1174 a
821 1131 962 1174 consona
981 1109 1125 1194 incipere
1143 1110 1191 1189 vi-

121 1206 188 1279 lotur,
222 1205 345 1272 Contra
369 1215 405 1276 12
428 1220 503 1273 sunt
523 1232 636 1274 versus
652 1211 692 1273 *in
714 1210 831 1295 quibus
853 1209 893 1273 dc
915 1206 1032 1273 initiali
1049 1229 1192 1272 consona
1260 1241 1265 1249 ·

121 1327 154 1369 ‚on
169 1305 239 1370 licet
261 1308 413 1392 cogitare,
436 1318 572 1394 quatuor
593 1309 649 1373 ubi
664 1308 699 1370 f
712 1309 843 1373 duriore
866 1308 1053 1394 conjectura
1068 1327 1088 1368 a
1103 1303 1191 1368 Bek-

121 1426 168 1470 :cro
195 1407 349 1473 insertum
380 1417 442 1488 est,
474 1410 582 1494 itaque
612 1415 648 1475 16
676 1407 733 1472 ubi
759 1407 881 1470 hiatum
908 1427 973 1468 non
1001 1404 1192 1479 sumendum

121 1505 241 1570 xistimo.
264 1504 385 1569 .Haud
412 1506 511 1571 multo
540 1508 660 1571 diversi
684 1505 853 1592 Odysseae
883 1505 1025 1584 numeri;
1050 1526 1116 1569 vox
1144 1505 1190 1567 in-

121 1604 209 1674 enitur
230 1606 264 1667 in
290 1604 462 1687 10916616,
485 1605 591 1670 hiatus
614 1616 720 1670 certus
743 1614 791 1668 661
813 1604 846 1666 in
868 1609 917 1685 60,
948 1602 1071 1668 tollitur
1093 1625 1152 1689 per
1174 1624 1192 1663 ν

121 1700 205 1786 phele.
225 1705 258 1766 in
275 1709 323 1780 24,
345 1703 443 1767 semel
461 1706 620 1790 reperitur
640 1699 741 1784 μένος
757 1695 866 1783 θυμόν
880 1722 915 1765 τε
928 1695 1067 1764 ἑκάστου
1082 1701 1191 1786 (vulgo

121 1797 149 1862 ci
171 1796 304 1884 θυμόν),
345 1811 457 1888 quater
490 1803 598 1868 hiatus
625 1803 762 1868 efficitur
789 1801 956 1866 levissima
969 1824 970 1827 ¹
983 1801 1191 1881 correctione,

121 1921 217 1982 ¹uorum
245 1902 388 1965 locorum
417 1925 542 1966 summa
572 1909 627 1970 89:
654 1902 720 1967 loci
744 1901 800 1965 ubi
828 1898 999 1963 Bekkerus
1026 1898 1060 1960 f
1083 1900 1192 1964 omisit

121 2007 164 2063 un
183 2007 226 2082 16,
246 1999 302 2066 ubi
324 1999 488 2082 audacius,
511 2009 546 2065 ut
567 2011 655 2087 puto,
677 2000 826 2077 restituit,
847 2007 882 2080 43
905 1999 1035 2064 omnino
1052 2003 1106 2064 20.

170 2113 278 2178 Statuo
300 2115 399 2200 igitur
419 2117 453 2179 in
473 2115 576 2190 Iliade
599 2126 630 2180 et
650 2114 813 2202 Odyssea:

289 2214 416 2278 hiatum
431 2207 589 2278 traditum
609 2216 643 2279 in
663 2214 765 2279 locis.
808 2261 816 2277 .
859 2258 866 2275 .
914 2217 981 2295 126,
1079 2245 1082 2250 -

290 2312 355 2376 levi
376 2317 551 2379 mutatione
572 2315 755 2378 restitutum
810 2364 818 2378 .
862 2365 869 2378 .
931 2317 971 2379 62

294 2411 417 2475 hiatum
435 2412 668 2498 probabilem.
713 2467 718 2479 .
761 2454 769 2478 >.
814 2463 821 2476 .
864 2463 870 2478 .
901 2401 983 2480 186

260 2540 413 2627 'hiatum
433 2537 497 2628 non
519 2585 616 2650 posse
635 2565 764 2628 restitui
804 2612 820 2647 .·
863 2610 872 2628 .
935 2568 973 2630 28

292 2660 374 2725 dura
394 2663 569 2746 mutatione
590 2663 771 2727 restitutum
809 2714 816 2729 .
860 2712 867 2728 .
905 2665 986 2755 -6
1037 2752 1043 2759 .

290 2759 414 2824 hiatum
433 2760 549 2825 abesse
612 2813 618 2827 .
664 2811 670 2824 .
712 2812 718 2826 .
763 2812 770 2826 .
812 2811 819 2827 .
864 2813 870 2825 .
934 2765 983 2828 36.

168 2890 272 2971 Quum
299 2892 398 2977 igitur
416 2892 559 2972 dubium
587 2916 651 2959 non
678 2895 720 2958 sit
744 2895 821 2979 quin
844 2887 997 2979 ἕκαστος,
1024 2914 1089 2956 una
1118 2913 1191 2961 cum

121 2978 236 3072 τάπερος
256 2992 432 3078 antiquitus
454 3015 596 3062 consona
616 2994 649 3056 in
671 2994 777 3057 fronte
795 2992 978 3078 praeditum
992 2992 1097 3072 luerit,
1120 3013 1192 3077 per-

121 3099 161 3153 tm
173 3089 216 3154 ad
231 3098 340 3175 etyma
355 3090 592 3157 consideranda
605 3115 625 3156 a
638 3093 719 3157 viris
741 3092 843 3157 doctis
860 3093 1040 3180 proposita,
1056 3112 1191 3175 quorum

121 3190 359 3269 latuerinvenio
369 3191 531 3256 mentione
541 3190 650 3275 digna.
671 3191 721 3254 Ac
731 3191 877 3278 Bappius
890 3191 1030 3278 quidem,
1043 3196 1191 3277 (gramm.

121 3287 242 3374 tmpfl,
258 3293 308 3371 24,
322 3295 384 3369 66),
407 3289 466 3353 666
487 3312 585 3354 voces
607 3291 774 3376 conjunxit
797 3314 869 3355 cum
883 3291 1012 3356 Sansor.
1033 3286 1195 3372 6166166666,

121 3399 254 3468 biamus,
276 3378 327 3452 cui
349 3390 582 3474 comparationi
604 3412 701 3476 quum
718 3389 824 3455 obstet
845 3398 878 3454 et
899 3389 1092 3477 significatio
1111 3390 1190 3466 (Leo

121 3482 202 3572 eyer.
226 3485 285 3551 lc.
307 3508 384 3572 pag.-
406 3491 474 3562 165)
497 3497 528 3551 61
550 3488 735 3553 desiderata
757 3489 891 3553 initialis
913 3492 1104 3568 consonans,
1126 3511 1191 3551 non

121 3607 254 3650 ›ssumus
276 3607 353 3649 eam.
369 3584 535 3671 adoptare.
568 3586 733 3675 Deinceps
757 3588 888 3655 Curtius
910 3588 1031 3673 (Etym.
1042 3591 1190 3661 126166-

121 3678 374 3767 1661-κάτερος,
398 3705 537 3762 -καστος
558 3686 641 3750 idem
657 3710 735 3752 6666
758 3696 855 3775 atque
878 3681 1031 3767 πότερος,
1056 3679 1188 3760 πόσιος,

121 3785 251 3848 :istimat
272 3794 380 3851 autem
404 3784 562 3871 syllabam
585 3777 618 3847 i·
640 3786 720 3850 nihil
742 3786 831 3851 aliud
852 3809 923 3851 esse
943 3786 1007 3850 nisi
1026 3783 1191 3848 numerale

123 3907 134 3959 ‚·
156 3882 267 3946 reddit
287 3884 385 3968 igitur
408 3877 576 3963 ἑκάτερος,
603 3878 740 3960 ἕκαστος
766 3909 824 3972 per
842 3908 927 3948 anua
947 3897 1139 3965 ateroanqaa
1160 3894 1192 3946 et

121 4006 167 4046 666
194 3994 437 4066 quotuscunque.
480 3983 565 4048 Huic
592 3987 765 4049 assentitur
792 3984 948 4067 Leskien3
976 3981 1038 4064 „de
1066 3984 1190 4045 ratione
