2836 4784
116 365 118 369 ·
149 347 208 412 268
665 336 748 392 Allcn

149 509 281 573 alterius
318 506 499 570 Lesbiacae
529 507 652 571 formae
690 499 836 591 ἀδικήει),
876 508 1072 572 Homericae
1100 497 1259 592 ἡβώοντες

151 614 221 694 (pro
242 601 410 692 ἡβᾶοντες)
434 608 481 669 sic
503 610 746 670 constituemus:

540 719 700 802 γελᾶ-ᾶμι
763 722 859 786 Lesb.
880 716 1001 803 γέλᾶμι

391 822 496 909 i-jami
540 818 701 906 φιλη-ημι
880 815 1002 906 (pilum

542 918 719 1004 δηλω-ωμι
878 917 1015 1006 δήλωμι.

233 1040 317 1104 Nam
348 1060 431 1124 quae
459 1039 663 1121 grammatici
689 1031 837 1119 γέλαιμι,
868 1031 1034 1116 πλάναιμι
1064 1046 1136 1118 (nec
1157 1031 1256 1104 minus

151 1139 289 1222 ἵσταιμι)
313 1138 491 1224 proferunt,
512 1136 593 1200 haec
615 1137 809 1200 secundaria
830 1159 901 1200 esse
922 1137 1074 1202 videntur
1096 1149 1194 1226 atque
1213 1161 1257 1202 as·

153 1241 274 1303 sentior
299 1237 445 1301 Hirzelio
477 1238 531 1322 qui
560 1239 710 1322 opinatur
732 1234 763 1312 (l.
777 1258 803 1300 c.
823 1259 895 1321 pag.
909 1241 960 1312 24)
973 1259 1022 1300 ea
1044 1259 1087 1302 ex
1108 1239 1258 1324 antiquio-

152 1338 242 1401 ribus
266 1331 395 1418 γέλαμι,
418 1333 532 1414 ibinus
555 1337 727 1417 exstitisse,
749 1335 858 1399 littera
880 1337 1146 1403 aterminationis
1169 1339 1297 1407 etiam

154 1436 385 1533 paenultimam
410 1434 569 1520 syllabam
593 1434 762 1516 afficiente,
785 1443 820 1496 ut
842 1433 878 1496 fit
899 1436 933 1497 in
955 1426 1121 1514 αἰμίονος,
1142 1428 1297 1499 Αἰσίοκ

154 1536 221 1611 (loc,
248 1558 308 1621 pro
331 1526 482 1616 ᾶμίονος,
510 1525 669 1609 'Astacon
713 1533 864 1598 Ceterum
886 1541 1001 1598 moneo
1025 1545 1191 1598 accentum
1211 1558 1297 1598 rex

154 1645 292 1714 tractum
315 1633 394 1697 nihil
416 1633 614 1697 difficultatis
636 1633 757 1697 habere
778 1634 812 1695 in
835 1632 972 1697 dialecto
994 1633 1180 1719 barytonesi
1193 1643 1291 1709 turm

156 1735 286 1816 dedita,
314 1734 351 1796 cf.
379 1725 566 1814 Iloosicluu,
596 1756 613 1796 e
643 1725 852 1795 Ποσειδάων.
903 1732 1023 1796 Latina
1052 1733 1163 1818 lingua
1188 1733 1295 1810 alirn

155 1836 314 1899 rationem
335 1832 493 1918 seqnitur:
512 1855 625 1914 ausa-o,
647 1831 758 1896 doceo

237 1932 339 1996 Paulo
361 1930 557 1995 difficiliores
581 1937 652 2010 Zet
674 1938 692 1997 2
714 1954 887 2017 personae:
914 1930 971 1994 sed
992 1933 1177 1996 memineris
1196 1953 1269 1998 s-ec

156 2032 317 2097 confluere
345 2033 379 2094 in
401 2052 430 2092 ει
453 2032 548 2095 etiam
573 2032 608 2093 in
636 2032 799 2095 severiore
821 2030 975 2095 Dorismo
997 2052 1189 2118 quamquam
1207 2052 1258 2096 ε-ε

157 2131 358 2195 contrahitur
377 2132 411 2193 in
432 2152 451 2213 η
474 2129 565 2207 (Ahr.
588 2130 668 2194 Dor.
691 2135 779 2209 202);
799 2129 896 2193 simili
918 2129 1013 2194 modo
1030 2153 1100 2194 ο-οι
1122 2133 1154 2194 in
1175 2152 1203 2193 οι
1220 2132 1250 2193 in

156 2231 223 2296 Att.
247 2224 378 2313 δηλοίην
405 2252 446 2292 ex
475 2222 657 2313 δηλο-οίην,
685 2229 771 2292 unde
796 2231 894 2293 ctiam
915 2251 987 2291 α-αι
1017 2229 1144 2296 efficere
1170 2250 1246 2316 posse

158 2353 193 2392 αι
215 2329 322 2414 colligi
344 2329 426 2394 licet.
501 2335 505 2342 '
1009 2329 1014 2333 ’

565 2473 581 2498 2
595 2485 625 2540 ‘t
667 2424 793 2503 ami-at,
816 2437 899 2491 amat

565 2503 610 2544 Μ
636 2425 800 2626 {docies
824 2526 923 2591 docet.
1017 2567 1021 2574 -

565 2645 683 2726 a·ai(t)3
707 2637 829 2726 ὁρᾶ-αι,
855 2630 954 2726 riori-p
975 2641 1073 2707 Hom.
1170 2703 1174 2707 .

427 2554 439 2755 Ι
451 2561 523 2625 asti

327 2715 439 2959 illm]
667 2773 852 2858 yslo-cub),
874 2768 977 2856 ys'lut,
1000 2774 1099 2839 Lesb.
1167 2819 1169 2824 .

452 2881 523 2965 sbti
553 2930 560 2942 .
582 2930 588 2942 .
612 2775 848 3073 ,luitis-stu),
869 2867 963 2956 φίλει

668 2972 852 3060 (ipio-om),
871 2967 967 3058 ὄήλοι

243 3117 312 3180 Nec
333 3138 425 3180 secus
448 3120 467 3180 2
488 3136 637 3200 persona.
675 3107 922 3194 Simplicissime
944 3107 1042 3170 etiam
1058 3113 1076 3172 3
1091 3130 1172 3193 pers.
1184 3099 1245 3190 plur-

162 3229 224 3282 act.
250 3214 355 3302 qualis
385 3226 433 3279 est
461 3217 496 3278 in
526 3212 688 3276 Lesbiaca
722 3208 858 3272 dialecto
887 3207 933 3269 sic
961 3205 1167 3290 explanatum
1190 3193 1246 3264 vide

162 3319 256 3382 infra.
301 3315 402 3378 Totus
432 3315 595 3400 optativus
625 3310 687 3373 huc
708 3307 884 3372 trahendus
907 3315 956 3371 est
986 3315 1019 3368 et
1047 3304 1247 3370 nominativus

164 3415 329 3504 participii
349 3414 462 3478 activi:
654 3491 657 3494 ῃ

532 3525 683 3591 ama-ans,
706 3530 818 3571 amans

501 3499 690 3700 {doci-ens
712 3607 830 3671 docens

314 3600 466 3954 illumi
532 3778 651 3850 ἅ-ανς,·
675 3771 838 3856 yslo-arg,
861 3765 971 3855 γέλαις
992 3769 1089 3836 Lesb.

533 3897 634 3949 ε-ενς,·
655 3871 810 3959 pals-ag,
835 3867 946 3959 φίλεις

442 3987 445 3993 ’
500 3777 647 4073 io-ovgff
669 3972 832 4059 ὁηλο-οις,
858 3966 979 4059 ὁήλοις,
1083 3976 1094 3983 “
