2836 4784
498 353 532 408 de
549 352 706 410 nominibus
724 354 851 427 propriis.
1024 415 1028 423 ,
1172 363 1225 427 161

156 533 260 617 priorum
279 537 312 602 in
338 526 373 601 is
388 561 448 625 pro
484 527 538 605 iou—s
573 542 758 605 exeuntium
792 540 999 622 accederent,
1034 538 1229 604 Ritsohelius

155 629 207 699 dccl.
220 656 244 720 p.
266 640 314 717 21,
335 641 374 702 22
395 640 535 724 primum
554 639 675 704 formas
694 638 734 701 di
750 639 802 702 doe
822 638 956 723 dispater
978 637 1093 724 dipbois
1114 637 1229 719 attulit,

155 754 205 818 quos
222 755 236 798 e
256 732 342 817 doira,
373 737 493 804 tradito
514 739 548 803 in
569 737 644 802 diuo
660 737 777 820 fidiae,
805 738 856 804 vel
877 761 962 803 nunc
978 739 1050 825 jam
1071 738 1191 802 rectius
1213 760 1230 801 e

150 828 383 900 denominativo
394 884 403 919 ,
424 835 503 900 dobo-
519 838 642 903 formae
661 839 801 921 vicario,
832 859 965 903 manare
988 838 1120 902 censuit.
1165 835 1230 901 Sed

146 926 207 997 ol'et
223 931 272 996 du
293 956 390 1020 posse
412 936 541 1022 quidem
562 960 633 1003 esse
653 938 774 1003 formas
800 960 817 1002 e
839 936 895 1001 dei
912 948 943 1002 et
965 936 1033 1002 deb
1048 945 1229 1001 contractas

141 1029 179 1094 vir
194 1031 297 1096 doctus
330 1033 402 1120 ipse
424 1037 599 1119 concessit3
635 1047 669 1102 at
696 1060 773 1102 vero
804 1038 849 1120 si,
882 1037 968 1121 quod
995 1035 1073 1102 mihi
1103 1053 1230 1125 quoque

142 1131 219 1216 maps
240 1131 363 1219 placet,
394 1137 631 1202 onominativo
653 1133 808 1202 deirebus
829 1138 951 1202 formas
975 1136 1138 1202 derivatas
1161 1157 1231 1200 esse

141 1249 234 1314 museo,
255 1231 353 1298 facile
367 1233 428 1299 tibi
444 1235 657 1323 persuadebis
671 1234 711 1299 di
728 1259 746 1302 e
768 1235 826 1319 dii,
848 1234 899 1299 dio
920 1259 937 1300 e
959 1235 1023 1299 dois
1045 1245 1230 1300 contractas

139 1348 191 1394 esse
206 1330 340 1415 formas,
370 1356 484 1420 quum,
511 1347 619 1400 utrum
639 1336 714 1402 olim
740 1335 791 1399 deis
821 1337 1037 1407 nominativus
1059 1334 1231 1422 quideme

137 1421 193 1492 db
210 1431 275 1496 sine
297 1430 398 1498 dubio
420 1444 604 1501 contractus
626 1437 803 1517 exstiterit,
834 1456 876 1499 an
904 1435 1033 1500 omnino
1055 1456 1230 1521 numquam

139 1530 282 1614 exederit,
304 1530 529 1599 difficillimum
550 1534 729 1622 dijudicatu
751 1538 802 1600 sit.
832 1534 867 1599 Si
891 1535 1021 1616 exstitit,
1045 1531 1097 1597 dis
1117 1531 1231 1598 eodem

139 1627 209 1694 modo
230 1639 431 1704 contractum
453 1643 502 1697 est
524 1657 541 1699 e
571 1633 661 1717 doioa,
696 1657 758 1720 quo
782 1632 955 1720 disputaris
982 1656 999 1698 e
1025 1631 1231 1719 acquiescite,

139 1728 247 1813 coque
266 1730 400 1818 maqoioc.
442 1732 505 1797 His
526 1734 578 1800 vel
603 1736 708 1820 magis
731 1732 864 1799 dubium
886 1744 935 1799 est
961 1732 1105 1818 dispater,
1135 1755 1231 1821 quum

134 1845 187 1890 uon
202 1830 337 1895 audeam
358 1829 548 1917 decernere,
573 1844 681 1906 utrum
710 1857 727 1898 e
749 1832 943 1918 diae-poter
963 1856 1004 1899 an
1027 1858 1043 1897 e
1065 1830 1134 1914 du,
1157 1855 1230 1896 ecn-

141 1931 221 1992 traota
241 1952 258 1994 e
279 1928 355 1993 diua
368 1930 484 2015 forma,
507 1935 697 2001 manaverit.
728 1934 843 2005 Restat
857 1931 982 2019 dijecti,
1005 1931 1091 2019 quod
1107 1929 1231 2024 Gellius

141 2026 164 2105 5»
179 2033 240 2094 lle
262 2028 331 2093 dte·
357 2038 389 2094 et
406 2031 505 2116 p'oooa,
541 2032 736 2100 Ritschelius
770 2056 787 2098 e
822 2030 861 2093 di
885 2034 906 2096 i.
930 2054 955 2097 e.
977 2029 1028 2094 du
1059 2029 1186 2111 abjecta
1214 2054 1230 2094 s
1324 2111 1326 2115 Ι

141 2119 204 2192 finali
225 2128 322 2213 ducit,
344 2131 391 2194 ita
412 2141 447 2196 ut
468 2133 503 2197 in
523 2132 585 2198 bac
602 2133 707 2197 forma
729 2130 866 2196 alterum
889 2132 1064 2216 vestigium
1084 2139 1181 2214 atque
1195 2130 1230 2216 id

143 2224 242 2308 quidem
264 2231 479 2296 certissimum
498 2233 599 2318 prisci
615 2231 666 2294 db
680 2232 870 2297 nominativi
891 2229 1015 2294 lateret.
1050 2229 1115 2311 Qui
1132 2252 1230 2316 quum

144 2327 234 2410 opime
255 2351 330 2394 cum
352 2330 560 2397 nominativis
586 2334 751 2397 nominum
774 2332 982 2416 propriorum
1004 2318 1089 2394 inss
1112 2352 1229 2397 exeun·

145 2421 204 2491 ltu
225 2429 425 2514 concineret,
453 2453 489 2495 re
510 2454 589 2497 vera
611 2431 774 2519 quondam
797 2429 862 2494 tale
889 2428 940 2492 doe
961 2431 1126 2496 exstitisse
1148 2430 1230 2511 veri·

149 2521 217 2592 inite
247 2539 305 2594 ost
326 2527 473 2594 Alterum
501 2531 658 2618 ejusdem,
675 2531 724 2594 rei
752 2531 924 2615 vestigium
960 2531 1118 2615 synizesis
1148 2549 1230 2613 quae

147 2617 232 2693 totu
252 2628 379 2715 prodit,
410 2626 564 2695 adhibita
585 2632 619 2695 in
643 2629 854 2695 substantivis
875 2631 909 2693 in
932 2617 983 2694 ius
1006 2617 1125 2693 etium
1147 2626 1229 2690 desi-

143 2727 262 2795 mutus
291 2752 312 2794 a
343 2730 447 2816 poetis
479 2731 635 2794 scaenicis
666 2731 816 2816 quamvis
838 2729 941 2795 solum
964 2732 997 2794 in
1020 2729 1130 2792 metris
1151 2724 1229 2790 libe-

133 2822 270 2911 mribus,
302 2827 428 2915 quade
456 2851 492 2892 re
513 2828 708 2895 Ritschelius
730 2828 883 2895 disseruit
911 2831 991 2895 decl.
1013 2850 1044 2914 p.
1071 2833 1106 2892 17
1129 2835 1160 2890 et
1179 2832 1228 2907 20,

141 2930 163 2985 tl
176 2922 383 2992 Buechelerus
404 2926 484 2993 decl.
506 2951 538 3014 p.
562 2935 596 2995 tt
622 2950 690 3014 sqq.
732 2927 788 2993 Sic
808 2930 929 2994 iactum
951 2941 999 2994 est
1021 2926 1145 3007 efiie'ue
1156 2925 1230 3007 pitis,

140 3022 213 3103 tlibi
225 3027 290 3111 fili,
316 3027 456 3110 ofito‘om
466 3027 569 3110 filim,
598 3027 712 3109 sfiliis
733 3027 812 3112 tlte,
842 3051 860 3093 e
888 3027 1053 3092 mauditum
1080 3026 1230 3091 maalain.

138 3113 203 3192 Hinc
230 3125 427 3193 Ritscbclius
458 3125 539 3192 decl.
570 3151 602 3212 p.
636 3133 672 3193 17
705 3127 863 3193 conclusit
893 3131 1035 3216 priscam
1068 3127 1231 3212 quandam

138 3212 307 3294 latinitatem
339 3226 383 3292 ad
413 3227 664 3292 masculinorum
697 3228 880 3313 exemplum
914 3230 1011 3293 etiam
1039 3239 1154 3293 neutra
1185 3227 1231 3292 sic

138 3315 319 3393 formavisse:
357 3326 499 3391 ooamiim
525 3326 674 3405 coasilia)
696 3327 810 3391 cooab'
826 3327 982 3410 samaiim,
1012 3325 1231 3393 Buechelerus

139 3429 220 3490 wem
241 3426 407 3493 contendit
426 3427 547 3492 formas
566 3438 734 3513 correptas
755 3430 911 3492 transisse
933 3429 967 3491 in
983 3427 1231 3512 declinationem

140 3524 354 3609 vocabulorum,
377 3550 513 3614 quorum
535 3516 665 3612 stirpei
685 3527 807 3591 vocalis
830 3529 1055 3592 contineretur.
1098 3526 1230 3589 Dissen-

141 3614 202 3686 iiuut
225 3627 323 3712 igitur
350 3628 416 3691 viri
441 3625 620 3691 doctissimi
648 3629 732 3691 inter
764 3650 798 3691 se
830 3649 885 3709 eo,
920 3627 1007 3714 quod
1027 3625 1080 3689 hic
1109 3626 1230 3688 formas

144 3713 277 3796 pleniores
298 3728 332 3790 im
354 3714 420 3790 iffi.
440 3716 506 3793 ium
533 3735 687 3792 exeuntes
709 3728 865 3813 genuinas
887 3737 919 3791 et
940 3727 1139 3811 antiquiores
1161 3745 1230 3786 esse

145 3831 241 3908 auset,
262 3848 343 3909 quas
365 3848 469 3891 sermo
485 3824 619 3890 liberior
638 3837 806 3913 poetarum
830 3828 1065 3896 scaenicorum,
1089 3844 1228 3908 pronun-

147 3911 250 3988 littione
270 3936 431 4014 correpta,
459 3923 674 3991 declinatione
695 3928 831 4014 propria
853 3927 990 3990 moverit
1019 3935 1050 3988 et
1077 3925 1111 3986 iu
1134 3920 1229 3985 aliam
1348 3958 1351 3965 ‚

149 4014 319 4154 tepuerit,
344 4047 442 4112 quam
472 4034 540 4091 tam
567 4023 624 4090 diu
646 4034 831 4091 servassent
852 4047 949 4111 quam
972 4023 1028 4089 diu
1051 4043 1157 4107 sermo
1179 4020 1231 4085 ille

207 4126 308 4180 trtius,
325 4127 427 4170 stauos.
451 4129 492 4171 111.
993 4125 1020 4176 11
