2836 4784
235 366 272 428 16
759 359 822 414 Rau

233 549 274 590 ex
296 526 367 592 loco
391 528 534 615 quodam
556 537 589 591 et
611 550 630 591 a
651 550 789 614 persona
812 529 1018 594 factumesse
1033 529 1208 595 indicaturi
1219 529 1346 608 fuerint,

231 626 275 692 ad
296 626 360 692 loci
382 629 544 692 notionem
567 621 615 702 ἐκ,
639 627 682 691 ad
703 650 865 714 personae
883 623 976 709 παρά
998 616 1120 693 addere
1143 628 1255 694 solitos
1268 651 1346 693 esse.

234 727 274 792 cf.
297 722 398 792 Thuc.
422 727 502 791 VIII
524 734 572 794 55.
596 726 718 791 Herod
740 727 830 793 V35.
855 727 954 792 Arist.
976 727 1060 794 Plut.
1080 736 1150 797 531.
1192 729 1346 793 Proxime

161 831 165 836 ’
234 825 275 890 ab
298 825 362 890 illis
384 825 464 892 locis
487 825 605 890 absunt
627 847 645 888 ο
669 832 708 894 58
732 814 854 901 άνστὰς
880 821 917 905 ἐξ
937 819 1032 912 εὐνῆς
1049 821 1181 910 Ἑλένης
1202 821 1296 907 πάρα
1317 835 1348 890 et

238 925 307 991 05
335 919 448 1007 ἔγρετο
476 921 513 989 dd
540 922 625 1000 Ζεὺς
642 916 733 1009 ’Ίδης
759 919 794 986 ἐν
821 927 985 1012 κορυφῇσι
1007 923 1099 1006 παρὰ
1118 920 1346 1008 χρυσοθρόνου

224 1019 349 1107 Ἥρης,
399 1024 455 1096 ubi
497 1023 819 1112 expergiscend10et
858 1025 1012 1111 surgendi
1052 1030 1139 1092 notio
1181 1049 1246 1090 una
1290 1035 1346 1090 est.

235 1123 512 1209 Significationem
542 1124 679 1190 localem
709 1125 916 1209 integerrime
944 1127 1040 1190 etiam
1073 1126 1205 1191 exhibet
1236 1125 1266 1187 Θ
1287 1129 1346 1191 533

238 1223 266 1286 0
289 1231 348 1291 407
371 1222 464 1306 παρὰ
487 1226 573 1309 νηιῦν
593 1215 814 1299 ἀπώσασθαι,
835 1235 867 1288 et
887 1227 1052 1312 quaejam
1068 1247 1169 1311 supra
1182 1224 1347 1288 attulimus

224 1322 402 1410 exempla:
430 1315 528 1408 ξίφος
550 1317 768 1404 ἐρυσσάμενος
787 1323 839 1407 vel
866 1318 1100 1405 σπασσάμενος
1121 1321 1211 1405 παρά
1232 1326 1348 1409 μηροῦ.

233 1420 316 1486 Cum
343 1433 440 1509 poeta
466 1424 498 1484 A
524 1429 584 1490 468
612 1418 739 1505 πλευρὰ
775 1415 816 1484 τά
847 1415 879 1485 οἱ
911 1419 1059 1509 κύψαντι
1092 1414 1169 1503 παρ’
1205 1415 1348 1498 ἀσπίδος

234 1515 428 1608 ἐξεφαάνθη
451 1521 552 1604 dixit,
572 1522 713 1587 dilucide
734 1545 802 1587 rem
831 1532 905 1588 ante
927 1523 1037 1589 oculos
1060 1526 1177 1608 posuit,
1194 1539 1275 1587 ¹nam
1298 1547 1347 1588 eo·

235 1621 308 1685 dem
329 1632 491 1688 momento
516 1643 578 1706 quo
594 1620 782 1709 Elephenor
805 1645 839 1686 se
862 1622 1053 1688 demittebat
1073 1631 1108 1686 ut
1129 1633 1289 1688 mortuum
1306 1622 1347 1686 ad

235 1743 270 1784 se
292 1721 435 1786 traheret
454 1721 558 1786 latera
579 1744 597 1785 e
619 1720 724 1808 clipeo
747 1722 920 1786 eminentia
943 1722 1067 1793 nudata
1082 1709 1164 1786 sunt.

320 1820 517 1908 Saepissime
551 1821 639 1907 apud
676 1818 778 1885 verba
810 1821 963 1886 veniendi
998 1819 1109 1908 qualia
1145 1831 1220 1885 sunt
1251 1813 1347 1901 ἰέναι,

212 1914 374 2006 Ι,άνιὲναη
398 1916 522 2003 ἐλθεῖν,
546 1912 646 2001 ἔκιον,
668 1914 794 2003 πλέειν,
818 1914 957 1984 νέεσθαι
977 1923 1086 1997 (etiam
1099 1944 1151 2007 ap.
1167 1919 1348 2006 Apolth.

234 2021 263 2086 Β
289 2026 378 2099 1094)
407 2012 636 2106 ἀπονοστῆσαι
664 2012 756 2100 παρά
786 2018 960 2084 adhibetur
989 2022 1043 2107 qui
1063 2044 1140 2085 usus
1162 2043 1220 2106 per
1240 2023 1348 2084 omnia

233 2113 382 2207 tempora
403 2142 542 2207 graecae
565 2119 696 2205 linguae
718 2121 846 2186 mansit.
889 2119 999 2184 Etiam
1025 2121 1066 2185 de
1092 2121 1204 2184 nuntio
1225 2118 1268 2184 ab
1291 2118 1348 2183 ali·

235 2244 297 2308 quo
319 2221 469 2285 veniente
489 2219 579 2285 velut
601 2221 630 2281 B
652 2225 711 2287 787
737 2229 768 2284 et
790 2219 901 2285 addito
925 2230 956 2285 et
977 2224 1095 2285 omisso
1117 2219 1233 2301 verbo,
1256 2213 1349 2300 παρά

236 2319 387 2385 solemnis
416 2319 535 2384 locutio
556 2320 644 2383 facta
668 2329 717 2383 est
738 2319 776 2382 cf.
802 2313 1020 2404 θεοπροπίην
1049 2315 1118 2398 πὰρ
1141 2315 1248 2404 Ζηνδς
1270 2313 1350 2380 ἐπέ-

235 2417 344 2503 φραδε
365 2421 404 2480 Λ
422 2417 496 2487 ’195
517 2421 556 2480 Π
574 2424 624 2486 37.
653 2426 701 2485 51.
734 2419 811 2482 item
842 2419 931 2505 apud
961 2419 1062 2484 verba
1090 2418 1217 2483 ferendi
1249 2418 1354 2496 (velut

236 2509 537 2602 ἀγγελίηνο175;
558 2519 647 2602 οἴημα
669 2521 700 2577 Ζ
721 2525 777 2582 177
800 2519 886 2583 cf.
866 2521 890 2554 ‘⁷
914 2522 979 2584 191.
1007 2525 1073 2586 137.
1098 2517 1201 2595 617)ε
1184 2518 1350 2603 etagendi

237 2615 342 2697 (διῦρα
365 2640 384 2679 κ
404 2620 472 2694 36),
494 2615 582 2701 apud
603 2616 706 2680 verba
727 2618 929 2682 sumendiet
916 2616 1133 2704 taccipiendi
1154 2617 1244 2683 velut
1264 2611 1352 2680 ἑλεῖν

238 2721 355 2784 Τ143.
381 2720 448 2798 194,
477 2710 638 2792 δέχεσθαι
664 2720 695 2776 Τ
714 2722 751 2782 16
773 2716 804 2779 Ω
827 2723 895 2784 429.
920 2719 1024 2782 Nonn
1045 2717 1141 2782 Dion
1160 2716 1260 2780 XXV
1288 2723 1350 2785 336

234 2816 387 2881 XXXIX
406 2821 445 2882 63
469 2826 545 2897 etp,
566 2816 689 2893 σεχεῖνς
711 2814 848 2902 denique
871 2817 957 2902 quod
978 2818 1029 2881 his
1050 2815 1160 2881 verbis
1178 2817 1351 2882 finitimum

236 2924 285 2980 est
307 2915 402 3003 apud
436 2914 571 2979 verbum
602 2908 774 2996 πρίασθαι
803 2914 903 2992 ξ452
931 2939 951 2979 a
981 2937 1042 3003 quo
1077 2917 1227 3003 proxime
1256 2916 1352 2982 abest

228 3009 382 3078 -λάεσθαι
404 3013 435 3075 Ω
452 3021 527 3080 502:
549 3009 690 3097 Ἕκτορα
713 3009 890 3097 λυσάμενος
909 3013 1001 3097 παρὰ
1021 3019 1100 3082 σεῖο.
1254 3026 1256 3037 “

244 3123 246 3127 ’
319 3113 421 3179 Vides
443 3114 544 3198 igitur
566 3114 645 3179 satis
661 3114 739 3178 artis
752 3113 870 3181 finibus
883 3139 978 3181 usum
987 3116 1241 3181 Homericum
1213 3138 1351 3181 circum·

227 3215 392 3301 ¹scriptum
415 3235 496 3300 esse,
519 3225 551 3281 et
585 3215 670 3302 quod
703 3215 926 3317 maximopere
958 3218 1076 3280 mirum
1098 3238 1139 3280 ne
1160 3238 1272 3280 unum
1281 3218 1352 3302 qui-

235 3323 308 3387 dem
334 3318 525 3420 exemplum
538 3318 632 3383 verbi
652 3310 842 3402 λαμβάνειν
858 3342 929 3386 cum
953 3311 1042 3397 παρά
1063 3325 1094 3381 ε1
1107 3324 1202 3401 genet
1203 3318 1271 3379 ivo
1267 3314 1354 3380 dicti

227 3431 379 3497 exstare,
414 3419 500 3506 quod
539 3419 626 3506 apud
662 3419 838 3508 scriptores
879 3427 953 3507 post
940 3417 1133 3483 thomericos
1170 3416 1354 3479 sexcenties

225 3520 363 3605 legitur
406 3518 518 3606 Neque
542 3541 581 3583 ea
602 3521 705 3585 verba
727 3519 910 3607 accipiendi
938 3538 1020 3604 quae
1047 3514 1089 3579 ad
1113 3515 1256 3578 animum
1279 3536 1352 3600 per·

161 3639 164 3642 ·
232 3622 347 3703 tinent,
371 3618 480 3705 qualia
503 3627 577 3682 sunt
600 3603 739 3704 άκοίειν,
758 3615 880 3700 κλάειν,
893 3610 1092 3700 μανθάνειν,
1114 3605 1372 3702 διδάσκεσθαι,Ι

235 3672 474 3782 πυνθάνεσθαι
494 3718 657 3784 Homerus
680 3743 752 3785 cum
774 3713 867 3802 παρά
890 3726 921 3783 et
942 3726 1038 3803 genet
1039 3718 1091 3780 ivo
1112 3714 1340 3798 composuit·

317 3819 453 3883 Praeter
480 3816 583 3882 verba
610 3820 763 3885 veniendi
793 3842 892 3905 supra
920 3825 1132 3896 enumerata,
1151 3835 1248 3878 sensu
1278 3836 1355 3900 pro·

225 3920 308 4005 ‘prio
332 3926 363 3982 et
384 3916 543 3981 translato
565 3917 645 3982 haec
665 3922 867 4004 usurparunt
890 3915 1025 3981 Graeci:

125 4039 130 4050 ‘
237 4012 485 4099 διαβαίνειν
511 4017 614 4082 Thuc.
644 4017 723 4084 VlII
744 4023 792 4086 85.
820 4017 897 4082 Eur.
928 4015 1047 4082 Bacch.
1072 4021 1161 4085 1224.
1204 4009 1356 4101 άποβαί.
