2836 4784
154 343 214 405 218
665 337 749 391 Allan

154 505 199 569 Hi
219 505 304 573 tituli
324 505 492 570 manifesto
515 515 570 569 aut
596 505 758 569 scribendi
784 506 908 569 ratione
933 513 990 569 aut
1018 503 1158 570 dialecto
1184 504 1217 569 in

156 604 373 670 sedifferunt.
415 604 500 668 Illud
521 603 724 690 probabilius
750 604 829 668 mihi
856 603 1000 668 videtur:
1031 626 1146 670 censeo
1168 604 1217 690 igi

154 705 186 767 in
209 706 256 768 tit.
279 706 337 768 On.
360 706 389 765 E
407 705 441 767 in
463 704 549 768 infin.
565 702 656 768 verbi
680 703 831 790 barytoni
852 725 913 789 per
935 725 972 780 ει,
1004 704 1069 767 ΟΣ
1086 705 1121 768 in
1141 725 1211 768 acc.

154 826 212 888 per
236 826 306 880 ους,
336 812 449 868 contra
481 805 508 866 Ο
535 804 569 866 in
598 800 733 887 syllabis
761 807 936 868 contractis
965 827 1024 890 per
1046 827 1073 867 ω
1096 826 1169 869 esse
1196 826 1217 866 r·

154 902 303 970 dendum.

648 1168 745 1248 ‘§4.

463 1319 518 1385 Do
544 1320 746 1383 vocalibus
767 1320 957 1385 brevibus,

237 1479 261 1536 l.
293 1470 472 1534 Duriorum
490 1470 659 1553 vocalium,
684 1476 714 1534 Α
725 1471 755 1531 Ε
770 1471 807 1545 0,
832 1471 949 1557 priscis
970 1471 1098 1558 populis
1111 1472 1217 1558 Indogr

152 1571 288 1635 manicis
304 1594 325 1631 a
339 1570 561 1634 tantummodo
577 1580 687 1634 notam
702 1571 810 1652 fuisse,
833 1567 976 1656 eamque,
996 1572 1024 1634 si
1038 1570 1147 1635 brevis
1170 1594 1217 1635 ess

151 1673 184 1733 in
207 1668 335 1734 Graeca
357 1668 468 1754 lingua
490 1669 585 1733 modo
609 1679 771 1734 servatam
793 1670 888 1733 modo
909 1671 942 1732 in
966 1692 981 1732 ε
1001 1679 1057 1734 aut
1072 1691 1090 1732 ο
1107 1679 1217 1734 mutata

154 1792 240 1853 esse,
260 1771 330 1857 jam
353 1768 581 1855 pervulgatum
604 1778 661 1833 est.
706 1768 810 1833 Simili
837 1768 933 1834 modo
956 1791 998 1832 ex
1019 1782 1037 1833 a
1057 1769 1217 1855 lndogern

154 1892 269 1933 norum
292 1868 412 1954 triplex
434 1878 524 1933 ortus
541 1872 594 1933 'est
616 1892 723 1951 sonus,
748 1878 778 1951 ᾶ,
800 1890 831 1952 η,
856 1890 891 1934 ω.
926 1867 991 1932 Sed
1011 1866 1125 1954 lingua
1145 1871 1178 1932 in
1193 1891 1217 1932 n

155 1968 263 2032 tandis
291 1966 397 2052 longis
426 1975 457 2029 et
482 1965 637 2033 brevibus
666 1967 835 2033 vocalibus
868 1990 934 2032 non
961 1990 1095 2053 prorsus
1129 1967 1217 2033 eandr

153 2069 240 2131 viam
262 2069 410 2153 ingressa
426 2076 487 2151 est:
509 2065 636 2131 illarum
658 2069 692 2131 in
708 2065 1000 2154 permutationibus
1016 2066 1142 2131 indoles
1157 2068 1217 2131 unir

153 2169 307 2255 cujusque
330 2165 460 2230 dialecti
484 2170 589 2250 magis
616 2166 712 2231 valet.
754 2168 837 2231 Nam
867 2166 942 2230 licet
968 2165 1058 2231 nulla
1080 2166 1217 2232 Graecis:

152 2289 230 2352 pars
252 2267 314 2331 hac
335 2265 503 2330 affectione
525 2267 647 2331 intacta
666 2268 716 2349 sit,
738 2276 846 2330 tamen
867 2268 900 2329 in
924 2288 1001 2330 sono
1022 2263 1120 2351 longo
1140 2252 1217 2330 atlen

154 2366 237 2430 ando
269 2388 395 2452 semper
423 2367 530 2452 praeit
559 2366 690 2431 Ionicus
713 2388 838 2449 sermo,
860 2373 986 2430 ceterae
1008 2363 1139 2429 dialecti
1160 2387 1217 2429 ma:

152 2487 267 2551 meque
281 2465 434 2530 Aeolicae
456 2467 652 2530 amantiores
675 2466 800 2553 antiqui
815 2475 835 2526 ᾶ
852 2474 935 2546 sunt,
956 2487 1060 2551 neque
1079 2465 1217 2552 exempli

153 2567 229 2628 novi
250 2567 284 2627 in
299 2587 361 2650 quo
383 2565 477 2629 lones
495 2564 694 2630 obtinuerint
709 2566 911 2651 primitivum
929 2574 959 2648 ᾶ,
982 2566 1074 2652 cujus
1088 2565 1160 2628 vice
1176 2586 1215 2651 ap

152 2662 260 2728 Dores
282 2663 334 2728 vel
354 2665 471 2730 Aeoles
495 2687 513 2749 η
534 2665 586 2728 vel
608 2688 635 2727 ω
656 2665 816 2751 fungatur.
858 2664 1012 2729 Breviurn
1040 2672 1147 2728 autem
1168 2685 1218 2727 vor

151 2761 230 2828 lium
258 2786 323 2828 non
350 2773 417 2827 tam
447 2775 599 2829 constans
630 2774 679 2828 est
705 2766 805 2838 rati03
834 2765 1028 2829 mutationes
1048 2766 1153 2828 minus
1174 2785 1217 2827 ee]

152 2860 223 2947 lege
250 2863 514 2949 adstringuntur3
547 2887 644 2951 quum
673 2864 803 2929 dialecti
833 2872 901 2927 turn
927 2865 1021 2949 ipsae
1053 2862 1217 2927 dialecton

151 2971 260 3047 partes
282 2965 414 3047 gravius
436 2965 519 3027 inter
541 2987 575 3028 se
598 2963 793 3050 discrepant.
825 2963 871 3027 Ut
883 2985 961 3027 vero
977 2966 1128 3027 universe
1150 2963 1217 3051 loqu

152 3062 340 3145 saepissime
367 3071 493 3126 mutant
522 3064 542 3123 ἄ
567 3063 663 3128 Iones
694 3073 725 3128 et
753 3087 791 3128 ea
815 3085 893 3149 pars
915 3062 1052 3127 Aeolum
1075 3085 1160 3150 quae
1180 3085 1217 3128 oo:

152 3156 303 3243 plectitur
334 3161 470 3228 Lesbios
504 3163 646 3251 Cyprios
679 3153 860 3243 Arcadas(
881 3172 1058 3249 sequuntur
1093 3162 1206 3228 Boeoti

152 3255 317 3338 Thessali3
348 3260 457 3326 Dores
491 3286 563 3327 oum
592 3262 681 3327 Eleis
714 3264 844 3349 pristini
873 3264 944 3326 soni
978 3272 1109 3348 praeter
1141 3273 1217 3327 ceter

151 3356 323 3442 diligentes
346 3370 427 3426 sunt.
471 3360 595 3426 Tamen
623 3360 769 3453 lonicum
798 3372 846 3427 est
868 3356 1022 3443 μέγαθος
1033 3363 1070 3440 ῖ);
1103 3361 1217 3427 Lesbia

151 3456 306 3522 dialectus
335 3458 404 3524 sola
432 3459 530 3526 habet
553 3456 622 3546 ὑπά
653 3462 710 3527 sed
730 3462 890 3548 permulta
916 3471 1036 3526 mutat:
1058 3459 1106 3540 κε’,
1136 3457 1217 3545 κρέτι

149 3551 283 3638 θέρους,
308 3553 496 3641 statiores
513 3552 550 3624 ὄν
573 3554 680 3640 (ἀνά),·
709 3563 804 3625 etiam
833 3561 930 3648 plura
950 3560 1094 3649 Cyprica
1112 3563 1217 3628 etAro

151 3657 238 3722 dica:
267 3650 301 3740 ἔρ
334 3649 434 3739 (ἄρα),
471 3654 577 3723 δέλλω
609 3655 756 3743 (βάλλω).
810 3662 933 3727 Contra
969 3662 1066 3748 paulo
1103 3663 1217 3728 firmior

218 3910 243 3977 7)
262 3909 391 3963 Fortasse
409 3909 493 3962 etiam
511 3908 652 3976 Doricum,
669 3913 736 3965 Ahr.
754 3910 823 3969 Dor.
844 3918 900 3969 116.

217 3995 243 4061 8)
260 3992 352 4046 Etiam
370 3994 566 4048 Thessalicum.
