2836 4784
273 371 313 432 52
647 414 652 420 .
783 366 846 421 Rau

272 542 417 618 tempore
428 556 488 619 pro
497 555 536 596 ea
551 556 616 619 qua
632 535 724 619 viget
739 536 915 599 vivacitate
927 535 1044 597 iterum
1054 532 1152 596 latius
1166 543 1279 619 patere
1292 546 1373 597 etex-

273 630 372 695 olusis
393 632 525 719 reliquis
550 632 680 697 casibus
703 633 789 698 solus
811 656 950 718 regnare
972 633 1093 718 coepit3
1117 633 1204 716 quod
1227 655 1299 698 cum
1320 657 1374 698 om-

274 730 370 794 nibus
389 731 518 817 linguis,
540 742 606 795 tum
624 755 744 817 graeca
760 731 1007 797 demonstratur.
1036 729 1288 817 Angustissimis
1302 733 1374 795 enim

274 829 364 916 apud
385 831 565 895 Homerum
587 831 705 896 finibus
735 854 812 895 usus
832 824 924 912 παρά
946 853 1020 895 cum
1042 831 1231 895 accusativo
1255 831 1374 894 circum·
1408 822 1409 827 ¹

275 930 417 1014 scriptus
439 940 497 1012 est,
526 931 581 1014 qui
604 951 731 1015 semper
753 928 919 1010 intellectu
945 928 1042 995 locali
1061 929 1124 994 hac
1145 931 1374 1016 praepositione

273 1050 351 1091 usus
374 1027 498 1093 duobus
520 1037 644 1092 tantum
660 1028 741 1093 locis
757 1028 921 1093 intellectu
936 1029 1057 1094 latinae
1067 1028 1249 1114 particulae
1260 1043 1375 1114 praeter

274 1149 345 1190 eam
378 1130 559 1215 usurpavit,
592 1123 696 1209 (παρὰ
717 1129 839 1210 μοῖραν
867 1131 901 1190 Ν
914 1134 984 1198 787.
1014 1123 1084 1208 πὰρ
1107 1122 1249 1207 δύναμιν
1269 1128 1374 1210 §.totu

274 1226 374 1292 semel
395 1229 525 1293 notione
546 1227 717 1313 temporali
740 1229 849 1313 posuit
869 1226 886 1290 l
908 1234 968 1294 470
989 1219 1230 1308 accursitans.

356 1321 457 1407 Παρά
481 1350 552 1391 oum
575 1327 762 1392 accusativo
779 1327 984 1391 coniunctum
1001 1325 1163 1413 duplicem
1181 1329 1374 1413 potissimum

274 1449 366 1489 nsum
389 1426 502 1490 habet:
1286 1489 1289 1494 .

287 1523 312 1587 Ι.
335 1525 454 1589 additis
476 1523 586 1590 verbis
607 1523 761 1589 movendi
782 1546 955 1610 personam
974 1523 1028 1588 nel
1048 1523 1154 1588 locum
1176 1525 1301 1591 indicat
1322 1547 1375 1612 quo

337 1635 441 1688 motus
463 1624 509 1706 fit,
531 1624 565 1686 in
590 1625 681 1688 cuius
702 1625 900 1688 vicinitatem
924 1624 1075 1708 dirigitur
1096 1622 1155 1706 (aa
1170 1660 1209 1670 —
1223 1624 1305 1706 Ῑιίνι).

207 1775 215 1779 .
273 1723 316 1788 Π.
339 1723 500 1787 adiunctis
522 1721 631 1786 verbis
652 1725 784 1788 notione
806 1735 838 1788 et
859 1723 1012 1788 movendi
1033 1737 1065 1787 et
1082 1723 1271 1810 quiescendi
1291 1744 1376 1811 prae-

337 1822 412 1886 ditis
435 1844 606 1908 personam
635 1821 689 1886 vel
715 1822 821 1887 locum
847 1821 972 1887 indicat
998 1824 1104 1887 iuxta
1119 1845 1214 1908 quem
1237 1823 1315 1910 quid
1333 1829 1381 1886 est

334 1921 387 1986 vel
409 1933 538 2009 praeter
561 1944 655 2009 quem
678 1922 757 2006 quid
786 1932 934 1987 movetur
959 1929 1014 2000 (an
1043 1931 1143 1987 etwas
1174 1923 1315 2009 erulam
1339 1943 1379 1986 an

336 2033 435 2086 etwas
456 2022 587 2105 corbet).

354 2120 398 2185 Et
418 2122 523 2208 primo
545 2120 617 2185 loco
640 2119 785 2185 dicamus

782 2324 801 2402 s
826 2325 872 2385 io.

295 2469 341 2534 de
368 2464 477 2554 παρά
505 2492 590 2533 cum
620 2470 866 2535 accusativo
895 2469 1024 2535 locum
1052 2471 1115 2536 vel
1144 2469 1360 2558 personam

353 2593 428 2656 quo
457 2579 589 2634 motus
618 2570 818 2654 dirigitur
848 2571 1140 2655 significante,¹
1168 2569 1314 2635 verbis

674 2660 793 2733 eundi
821 2668 986 2734 additis.

334 2819 435 2899 Quod
446 2821 511 2884 iam
521 2819 562 2883 de
576 2844 634 2883 usu
647 2820 743 2885 huius
757 2819 1008 2905 praepositionis
1025 2840 1098 2882 cum
1112 2820 1267 2902 genetivo
1283 2828 1315 2883 et
1327 2816 1376 2882 da-

269 2921 337 2982 tivo
360 2921 550 2983 coniunctae
573 2918 809 2983 disserentibus
831 2919 925 2983 nobis
947 2917 1119 2981 dicendum
1140 2917 1211 2994 fuit,
1235 2917 1324 2983 idem
1343 2915 1377 2979 dc

270 3011 362 3098 παρά
385 3039 457 3081 cum
479 3020 666 3082 accusativo
689 3017 790 3082 valet:
819 3017 904 3081 hanc
927 3018 1204 3103 praepositionem
1225 3019 1260 3080 in
1283 3037 1377 3103 prosa

271 3125 358 3180 certe
380 3118 526 3181 oratione
549 3139 568 3180 a
592 3116 689 3182 rebus
712 3119 864 3181 inanimis
885 3117 953 3181 fere
981 3137 1052 3179 esse
1074 3114 1220 3180 alienam.
1263 3116 1376 3180 Exem-

270 3206 363 3302 plum
386 3215 616 3280 Herodoteum‘
635 3225 683 3279 est
711 3217 788 3285 148
818 3210 989 3301 διέπεμψε
1017 3211 1109 3294 παρὰ
1136 3210 1177 3276 τὰ
1205 3208 1378 3300 χρηστήρια

268 3310 345 3389 τοὺς
380 3308 608 3398 θεοπρόπους,
651 3313 920 3402 Xenophonteum
966 3312 1061 3391 (Hell.
1095 3313 1129 3377 Π
1167 3322 1192 3392 1,
1229 3320 1261 3395 5)
1298 3303 1375 3394 παρ’

270 3407 409 3497 ἑκᾶσῑην
441 3416 523 3477 ναῦν
556 3407 703 3494 προςιών
734 3415 790 3478 ubi
826 3415 906 3489 ναῦς
927 3435 1031 3500 paene
1061 3411 1149 3476 idem
1179 3414 1269 3478 valet
1298 3411 1378 3501 quod

269 3514 402 3596 ναῦται,
427 3513 484 3576 sed
505 3515 553 3577 rei
575 3515 662 3579 notio
686 3515 771 3577 inest
792 3515 828 3595 in
846 3511 919 3579 loco
936 3512 1083 3577 Platonis
1105 3512 1240 3588 (Phaed,
1261 3520 1319 3582 113
1334 3513 1377 3588 B.)

269 3602 460 3698 ἀφικνεῖται
483 3604 565 3693 παρ’
587 3605 706 3690 ἔσχατα
720 3614 775 3698 τῆς
787 3605 1039 3693 Ἀχερονσιάδος
1054 3608 1177 3696 λίμνης.
1194 3612 1283 3699 quod
1298 3613 1377 3677 idem

269 3711 358 3776 cadit
372 3712 411 3775 'in
433 3711 538 3776 locum
561 3709 742 3797 Metagenis
771 3713 886 3776 comici
915 3711 1024 3787 (Mein.
1046 3710 1080 3774 Π
1102 3716 1131 3793 2,
1154 3717 1228 3790 753)
1257 3705 1377 3793 τεμάχη

269 3803 316 3886 εἷς
336 3808 375 3874 τὸ
398 3803 488 3892 στόμ’
515 3802 614 3898 ᾄττει,
638 3808 735 3874 τὰδὲ
757 3803 839 3899 παρ’
863 3802 1020 3874 cincinni
1044 3804 1138 3875 πόδε.
1342 3849 1345 3852 ’

350 3909 450 3996 Apud
470 3911 604 3997 Lysiam
626 3907 837 3992 (Ιῧὸ).παρὰ
859 3907 939 3986 τοὺς
960 3905 1083 3992 νόμους
1104 3906 1219 3974 ἐλθεῖν
1234 3909 1378 3995 legimus,

268 4007 326 4073 ubi
346 4009 435 4096 leges
458 4012 552 4097 quasi
572 4032 741 4096 personae,
764 4031 845 4096 quas
867 4010 1004 4095 adimus,
1026 4011 1208 4096 cogitantur
1230 4032 1311 4076 esse.
1336 4007 1339 4013 ’
