<?xml version="1.0" encoding="UTF-8"?>
<!DOCTYPE html PUBLIC "-//W3C//DTD XHTML 1.0 Transitional//EN"
    "http://www.w3.org/TR/xhtml1/DTD/xhtml1-transitional.dtd">
<html xmlns="http://www.w3.org/1999/xhtml" xml:lang="en" lang="en">
 <head>
  <title>
</title>
<meta http-equiv="Content-Type" content="text/html;charset=utf-8" />
  <meta name='ocr-system' content='tesseract 3.04.00' />
  <meta name='ocr-capabilities' content='ocr_page ocr_carea ocr_par ocr_line ocrx_word'/>
</head>
<body>
  <div class='ocr_page' id='page_1' title='image "./studienzurgriec03curtgoog/studienzurgriec03curtgoog_0188.png"; bbox 0 0 2836 4784; ppageno 0'>
   <div class='ocr_carea' id='block_1_1' title="bbox 523 347 869 428">
    <p class='ocr_par' dir='ltr' id='par_1_1' title="bbox 523 347 869 428">
     <span class='ocr_line' id='line_1_1' title="bbox 523 347 869 428; baseline 0.006 -20"><span class='ocrx_word' id='word_1_1' title='bbox 523 347 557 408; x_wconf 89' lang='lat' dir='ltr'>de</span> <span class='ocrx_word' id='word_1_2' title='bbox 574 351 732 408; x_wconf 71' lang='lat' dir='ltr'><strong>nominibus</strong></span> <span class='ocrx_word' id='word_1_3' title='bbox 744 352 869 428; x_wconf 87' lang='lat' dir='ltr'>propriis.</span> 
     </span>
    </p>
   </div>
   <div class='ocr_carea' id='block_1_2' title="bbox 679 568 805 692">
    <p class='ocr_par' dir='ltr' id='par_1_2' title="bbox 679 568 805 692">
     <span class='ocr_line' id='line_1_2' title="bbox 679 568 805 692; baseline 0 -120"><span class='ocrx_word' id='word_1_4' title='bbox 679 568 805 692; x_wconf 28' lang='grc' dir='ltr'>Π..</span> 
     </span>
    </p>
   </div>
   <div class='ocr_carea' id='block_1_3' title="bbox 131 816 1391 4099">
    <p class='ocr_par' dir='ltr' id='par_1_3' title="bbox 131 816 1391 4099">
     <span class='ocr_line' id='line_1_3' title="bbox 243 816 1262 916; baseline 0.008 -29"><span class='ocrx_word' id='word_1_5' title='bbox 243 822 367 888; x_wconf 78' lang='lat' dir='ltr'>Graecis</span> <span class='ocrx_word' id='word_1_6' title='bbox 391 822 573 890; x_wconf 79' lang='lat' dir='ltr'>nominibus</span> <span class='ocrx_word' id='word_1_7' title='bbox 589 827 733 914; x_wconf 87' lang='lat' dir='ltr'>propriis</span> <span class='ocrx_word' id='word_1_8' title='bbox 750 836 805 893; x_wconf 89' lang='lat' dir='ltr'>aut</span> <span class='ocrx_word' id='word_1_9' title='bbox 820 825 991 892; x_wconf 74' lang='lat' dir='ltr'><strong>masculini</strong></span> <span class='ocrx_word' id='word_1_10' title='bbox 1011 829 1045 892; x_wconf 92' lang='lat' dir='ltr'>in</span> <span class='ocrx_word' id='word_1_11' title='bbox 1064 816 1099 904; x_wconf 63' lang='grc' dir='ltr'>ἰξ</span> <span class='ocrx_word' id='word_1_12' title='bbox 1121 851 1179 916; x_wconf 91' lang='lat' dir='ltr'>pro</span> <span class='ocrx_word' id='word_1_13' title='bbox 1195 818 1262 905; x_wconf 62' lang='lat' dir='ltr'>To}</span> 
     </span>
     <span class='ocr_line' id='line_1_4' title="bbox 181 913 1262 1016; baseline 0.007 -30"><span class='ocrx_word' id='word_1_14' title='bbox 181 930 222 986; x_wconf 89' lang='lat' dir='ltr'>aut</span> <span class='ocrx_word' id='word_1_15' title='bbox 236 924 331 988; x_wconf 89' lang='lat' dir='ltr'>neutri</span> <span class='ocrx_word' id='word_1_16' title='bbox 352 924 482 1008; x_wconf 86' lang='lat' dir='ltr'>generis</span> <span class='ocrx_word' id='word_1_17' title='bbox 503 925 538 989; x_wconf 94' lang='lat' dir='ltr'>in</span> <span class='ocrx_word' id='word_1_18' title='bbox 557 913 602 989; x_wconf 61' lang='grc' dir='ltr'>ἶν’</span> <span class='ocrx_word' id='word_1_19' title='bbox 620 938 686 1014; x_wconf 85' lang='lat' dir='ltr'>pro&#39;</span> <span class='ocrx_word' id='word_1_20' title='bbox 701 916 972 993; x_wconf 72' lang='lat' dir='ltr'>m—vexountibus</span> <span class='ocrx_word' id='word_1_21' title='bbox 992 928 1222 1016; x_wconf 81' lang='lat' dir='ltr'>inscriptiones</span> <span class='ocrx_word' id='word_1_22' title='bbox 1244 951 1262 994; x_wconf 93' lang='lat' dir='ltr'>e</span> 
     </span>
     <span class='ocr_line' id='line_1_5' title="bbox 180 1018 1261 1114; baseline 0.007 -30"><span class='ocrx_word' id='word_1_23' title='bbox 180 1018 280 1088; x_wconf 78' lang='lat' dir='ltr'>saeculo</span> <span class='ocrx_word' id='word_1_24' title='bbox 300 1021 407 1087; x_wconf 85' lang='lat' dir='ltr'>medio</span> <span class='ocrx_word' id='word_1_25' title='bbox 436 1024 542 1110; x_wconf 88' lang='lat' dir='ltr'>primo</span> <span class='ocrx_word' id='word_1_26' title='bbox 566 1034 641 1111; x_wconf 88' lang='lat' dir='ltr'>post</span> <span class='ocrx_word' id='word_1_27' title='bbox 663 1025 828 1093; x_wconf 79' lang='lat' dir='ltr'>Christum</span> <span class='ocrx_word' id='word_1_28' title='bbox 855 1035 966 1091; x_wconf 89' lang='lat' dir='ltr'>natum</span> <span class='ocrx_word' id='word_1_29' title='bbox 993 1049 1097 1114; x_wconf 84' lang='lat' dir='ltr'>usque</span> <span class='ocrx_word' id='word_1_30' title='bbox 1118 1026 1160 1093; x_wconf 89' lang='lat' dir='ltr'>ad</span> <span class='ocrx_word' id='word_1_31' title='bbox 1183 1036 1261 1093; x_wconf 90' lang='lat' dir='ltr'>tem·</span> 
     </span>
     <span class='ocr_line' id='line_1_6' title="bbox 180 1116 1260 1213; baseline 0.007 -29"><span class='ocrx_word' id='word_1_32' title='bbox 180 1141 240 1206; x_wconf 87' lang='lat' dir='ltr'>pora</span> <span class='ocrx_word' id='word_1_33' title='bbox 256 1144 332 1210; x_wconf 87' lang='lat' dir='ltr'>quae</span> <span class='ocrx_word' id='word_1_34' title='bbox 358 1122 509 1187; x_wconf 90' lang='lat' dir='ltr'>dicuntur</span> <span class='ocrx_word' id='word_1_35' title='bbox 530 1123 715 1211; x_wconf 84' lang='lat' dir='ltr'>Byzantina</span> <span class='ocrx_word' id='word_1_36' title='bbox 744 1116 928 1206; x_wconf 84' lang='lat' dir='ltr'>abundant,</span> <span class='ocrx_word' id='word_1_37' title='bbox 957 1125 1013 1190; x_wconf 85' lang='lat' dir='ltr'>sed</span> <span class='ocrx_word' id='word_1_38' title='bbox 1037 1148 1142 1213; x_wconf 83' lang='lat' dir='ltr'>pauca</span> <span class='ocrx_word' id='word_1_39' title='bbox 1164 1128 1260 1192; x_wconf 89' lang='lat' dir='ltr'>etiam</span> 
     </span>
     <span class='ocr_line' id='line_1_7' title="bbox 180 1221 1307 1316; baseline 0.005 -31"><span class='ocrx_word' id='word_1_40' title='bbox 180 1229 298 1298; x_wconf 87' lang='lat' dir='ltr'>auctores</span> <span class='ocrx_word' id='word_1_41' title='bbox 321 1221 456 1308; x_wconf 91' lang='lat' dir='ltr'>quidam</span> <span class='ocrx_word' id='word_1_42' title='bbox 478 1227 593 1288; x_wconf 88' lang='lat' dir='ltr'>aetatis</span> <span class='ocrx_word' id='word_1_43' title='bbox 614 1223 818 1311; x_wconf 83' lang='lat' dir='ltr'>Byzantinae</span> <span class='ocrx_word' id='word_1_44' title='bbox 845 1224 1007 1291; x_wconf 86' lang='lat' dir='ltr'>exhibent</span> <span class='ocrx_word' id='word_1_45' title='bbox 1051 1226 1103 1290; x_wconf 91' lang='lat' dir='ltr'>De</span> <span class='ocrx_word' id='word_1_46' title='bbox 1125 1246 1261 1314; x_wconf 89' lang='lat' dir='ltr'>quorum</span> <span class='ocrx_word' id='word_1_47' title='bbox 1304 1310 1307 1316; x_wconf 24' lang='lat'>¹</span> 
     </span>
     <span class='ocr_line' id='line_1_8' title="bbox 179 1318 1261 1411; baseline 0.006 -29"><span class='ocrx_word' id='word_1_48' title='bbox 179 1318 276 1405; x_wconf 83' lang='lat' dir='ltr'>origine</span> <span class='ocrx_word' id='word_1_49' title='bbox 299 1343 395 1408; x_wconf 88' lang='lat' dir='ltr'>quum</span> <span class='ocrx_word' id='word_1_50' title='bbox 427 1320 561 1388; x_wconf 87' lang='lat' dir='ltr'>multum</span> <span class='ocrx_word' id='word_1_51' title='bbox 584 1323 792 1411; x_wconf 88' lang='lat' dir='ltr'>disputatum</span> <span class='ocrx_word' id='word_1_52' title='bbox 826 1327 868 1390; x_wconf 90' lang='lat' dir='ltr'>sit</span> <span class='ocrx_word' id='word_1_53' title='bbox 901 1327 986 1390; x_wconf 89' lang='lat' dir='ltr'>inter</span> <span class='ocrx_word' id='word_1_54' title='bbox 1016 1326 1104 1391; x_wconf 84' lang='lat' dir='ltr'>viros</span> <span class='ocrx_word' id='word_1_55' title='bbox 1137 1325 1261 1408; x_wconf 87' lang='lat' dir='ltr'>doctos,</span> 
     </span>
     <span class='ocr_line' id='line_1_9' title="bbox 179 1422 1261 1511; baseline 0.007 -31"><span class='ocrx_word' id='word_1_56' title='bbox 179 1427 243 1484; x_wconf 86' lang='lat' dir='ltr'>certe</span> <span class='ocrx_word' id='word_1_57' title='bbox 260 1443 378 1509; x_wconf 86' lang='lat' dir='ltr'>operae</span> <span class='ocrx_word' id='word_1_58' title='bbox 398 1422 536 1509; x_wconf 89' lang='lat' dir='ltr'>pretium</span> <span class='ocrx_word' id='word_1_59' title='bbox 560 1424 622 1487; x_wconf 86' lang='lat' dir='ltr'>erit</span> <span class='ocrx_word' id='word_1_60' title='bbox 643 1424 843 1511; x_wconf 87' lang='lat' dir='ltr'>singulorum</span> <span class='ocrx_word' id='word_1_61' title='bbox 866 1423 1010 1509; x_wconf 86' lang='lat' dir='ltr'>singulas</span> <span class='ocrx_word' id='word_1_62' title='bbox 1033 1424 1073 1489; x_wconf 91' lang='lat' dir='ltr'>de</span> <span class='ocrx_word' id='word_1_63' title='bbox 1093 1425 1143 1490; x_wconf 92' lang='lat' dir='ltr'>his</span> <span class='ocrx_word' id='word_1_64' title='bbox 1158 1425 1261 1490; x_wconf 92' lang='lat' dir='ltr'>nomi-</span> 
     </span>
     <span class='ocr_line' id='line_1_10' title="bbox 178 1515 1261 1611; baseline 0.008 -30"><span class='ocrx_word' id='word_1_65' title='bbox 178 1515 250 1584; x_wconf 90' lang='lat' dir='ltr'>nibus</span> <span class='ocrx_word' id='word_1_66' title='bbox 270 1522 443 1586; x_wconf 86' lang='lat' dir='ltr'>sententias</span> <span class='ocrx_word' id='word_1_67' title='bbox 458 1520 602 1586; x_wconf 87' lang='lat' dir='ltr'>breviter</span> <span class='ocrx_word' id='word_1_68' title='bbox 625 1533 780 1610; x_wconf 87' lang='lat' dir='ltr'>repetere.</span> <span class='ocrx_word' id='word_1_69' title='bbox 823 1523 872 1587; x_wconf 88' lang='lat' dir='ltr'>Ao</span> <span class='ocrx_word' id='word_1_70' title='bbox 894 1524 1000 1610; x_wconf 87' lang='lat' dir='ltr'>tetigit</span> <span class='ocrx_word' id='word_1_71' title='bbox 1023 1524 1152 1611; x_wconf 92' lang='lat' dir='ltr'>quidem</span> <span class='ocrx_word' id='word_1_72' title='bbox 1176 1525 1261 1590; x_wconf 90' lang='lat' dir='ltr'>hanc</span> 
     </span>
     <span class='ocr_line' id='line_1_11' title="bbox 178 1621 1263 1709; baseline 0.007 -29"><span class='ocrx_word' id='word_1_73' title='bbox 178 1622 369 1700; x_wconf 84' lang='lat' dir='ltr'>quaestionem</span> <span class='ocrx_word' id='word_1_74' title='bbox 398 1645 495 1709; x_wconf 91' lang='lat' dir='ltr'>quum</span> <span class='ocrx_word' id='word_1_75' title='bbox 523 1621 631 1687; x_wconf 89' lang='lat' dir='ltr'>multis</span> <span class='ocrx_word' id='word_1_76' title='bbox 654 1623 726 1688; x_wconf 89' lang='lat' dir='ltr'>aliis</span> <span class='ocrx_word' id='word_1_77' title='bbox 755 1623 835 1688; x_wconf 91' lang='lat' dir='ltr'>locis</span> <span class='ocrx_word' id='word_1_78' title='bbox 858 1622 996 1707; x_wconf 66' lang='lat' dir='ltr'>corporis</span> <span class='ocrx_word' id='word_1_79' title='bbox 1021 1623 1263 1709; x_wconf 56' lang='lat' dir='ltr'>stampensium</span> 
     </span>
     <span class='ocr_line' id='line_1_12' title="bbox 178 1713 1262 1810; baseline 0.01 -32"><span class='ocrx_word' id='word_1_80' title='bbox 178 1713 344 1784; x_wconf 54' lang='lat' dir='ltr'>&amp;macrian</span> <span class='ocrx_word' id='word_1_81' title='bbox 378 1731 445 1787; x_wconf 89' lang='lat' dir='ltr'>tum</span> <span class='ocrx_word' id='word_1_82' title='bbox 473 1722 535 1788; x_wconf 87' lang='lat' dir='ltr'>vol.</span> <span class='ocrx_word' id='word_1_83' title='bbox 558 1722 581 1787; x_wconf 92' lang='lat' dir='ltr'>I.</span> <span class='ocrx_word' id='word_1_84' title='bbox 613 1746 644 1810; x_wconf 93' lang='lat' dir='ltr'>p.</span> <span class='ocrx_word' id='word_1_85' title='bbox 667 1728 735 1790; x_wconf 90' lang='grc'><strong>367.</strong></span> <span class='ocrx_word' id='word_1_86' title='bbox 774 1729 844 1790; x_wconf 87' lang='grc'><strong>373.</strong></span> <span class='ocrx_word' id='word_1_87' title='bbox 880 1729 948 1788; x_wconf 85' lang='grc'><strong>475.</strong></span> <span class='ocrx_word' id='word_1_88' title='bbox 985 1726 1053 1789; x_wconf 90' lang='grc'>499.</span> <span class='ocrx_word' id='word_1_89' title='bbox 1088 1728 1158 1790; x_wconf 76' lang='grc'><strong>535.</strong></span> <span class='ocrx_word' id='word_1_90' title='bbox 1193 1729 1262 1789; x_wconf 93' lang='grc'>799.</span> 
     </span>
     <span class='ocr_line' id='line_1_13' title="bbox 177 1812 1262 1909; baseline 0.005 -29"><span class='ocrx_word' id='word_1_91' title='bbox 177 1812 326 1886; x_wconf 64' lang='lat' dir='ltr'>Roaiam</span> <span class='ocrx_word' id='word_1_92' title='bbox 346 1822 403 1904; x_wconf 86' lang='lat' dir='ltr'>ita,</span> <span class='ocrx_word' id='word_1_93' title='bbox 424 1830 460 1887; x_wconf 93' lang='lat' dir='ltr'>ut</span> <span class='ocrx_word' id='word_1_94' title='bbox 479 1823 675 1909; x_wconf 83' lang='lat' dir='ltr'>scripturam</span> <span class='ocrx_word' id='word_1_95' title='bbox 698 1821 856 1908; x_wconf 85' lang='lat' dir='ltr'>exemplis</span> <span class='ocrx_word' id='word_1_96' title='bbox 885 1843 926 1885; x_wconf 88' lang='lat' dir='ltr'>ex</span> <span class='ocrx_word' id='word_1_97' title='bbox 948 1820 1020 1885; x_wconf 89' lang='lat' dir='ltr'>aliis</span> <span class='ocrx_word' id='word_1_98' title='bbox 1043 1821 1262 1909; x_wconf 90' lang='lat' dir='ltr'>inscriptioni·</span> 
     </span>
     <span class='ocr_line' id='line_1_14' title="bbox 178 1911 1262 2008; baseline 0.009 -30"><span class='ocrx_word' id='word_1_99' title='bbox 178 1911 222 1981; x_wconf 89' lang='lat' dir='ltr'>bus</span> <span class='ocrx_word' id='word_1_100' title='bbox 238 1922 378 2007; x_wconf 85' lang='lat' dir='ltr'>repetitis</span> <span class='ocrx_word' id='word_1_101' title='bbox 401 1922 606 1987; x_wconf 87' lang='lat' dir='ltr'>confirmaret</span> <span class='ocrx_word' id='word_1_102' title='bbox 627 1932 659 1987; x_wconf 90' lang='lat' dir='ltr'>et</span> <span class='ocrx_word' id='word_1_103' title='bbox 679 1942 937 2008; x_wconf 82' lang='lat' dir='ltr'>nonnumquam,</span> <span class='ocrx_word' id='word_1_104' title='bbox 958 1929 994 1985; x_wconf 90' lang='lat' dir='ltr'>ut</span> <span class='ocrx_word' id='word_1_105' title='bbox 1015 1919 1078 1985; x_wconf 87' lang='lat' dir='ltr'>vol.</span> <span class='ocrx_word' id='word_1_106' title='bbox 1099 1919 1124 1984; x_wconf 96' lang='lat' dir='ltr'>I.</span> <span class='ocrx_word' id='word_1_107' title='bbox 1139 1943 1178 2008; x_wconf 92' lang='lat' dir='ltr'>·p.</span> <span class='ocrx_word' id='word_1_108' title='bbox 1202 1926 1262 1988; x_wconf 87' lang='grc'>799</span> 
     </span>
     <span class='ocr_line' id='line_1_15' title="bbox 178 2012 1263 2107; baseline 0.002 -26"><span class='ocrx_word' id='word_1_109' title='bbox 178 2012 244 2084; x_wconf 81' lang='lat' dir='ltr'>adn.</span> <span class='ocrx_word' id='word_1_110' title='bbox 262 2025 348 2102; x_wconf 82' lang='grc'><strong>1656,</strong></span> <span class='ocrx_word' id='word_1_111' title='bbox 370 2020 402 2104; x_wconf 87' lang='lat' dir='ltr'>b,</span> <span class='ocrx_word' id='word_1_112' title='bbox 417 2022 484 2102; x_wconf 85' lang='lat' dir='ltr'>¹has</span> <span class='ocrx_word' id='word_1_113' title='bbox 507 2021 629 2086; x_wconf 87' lang='lat' dir='ltr'>formas</span> <span class='ocrx_word' id='word_1_114' title='bbox 651 2021 809 2086; x_wconf 91' lang='lat' dir='ltr'>barbaras</span> <span class='ocrx_word' id='word_1_115' title='bbox 832 2042 904 2085; x_wconf 88' lang='lat' dir='ltr'>esse</span> <span class='ocrx_word' id='word_1_116' title='bbox 926 2019 1133 2105; x_wconf 87' lang='lat' dir='ltr'>significaret.</span> <span class='ocrx_word' id='word_1_117' title='bbox 1166 2018 1263 2107; x_wconf 86' lang='lat' dir='ltr'>Ejus·</span> 
     </span>
     <span class='ocr_line' id='line_1_16' title="bbox 179 2111 1261 2197; baseline 0.002 -15"><span class='ocrx_word' id='word_1_118' title='bbox 179 2111 232 2181; x_wconf 83' lang='lat' dir='ltr'>dem</span> <span class='ocrx_word' id='word_1_119' title='bbox 258 2122 433 2186; x_wconf 89' lang='lat' dir='ltr'>sententiae</span> <span class='ocrx_word' id='word_1_120' title='bbox 460 2120 589 2186; x_wconf 82' lang='lat' dir='ltr'>videtur</span> <span class='ocrx_word' id='word_1_121' title='bbox 616 2120 715 2185; x_wconf 84' lang='lat' dir='ltr'>fuisse</span> <span class='ocrx_word' id='word_1_122' title='bbox 737 2120 918 2184; x_wconf 77' lang='lat' dir='ltr'>Fraucloaitc</span> <span class='ocrx_word' id='word_1_123' title='bbox 945 2121 979 2197; x_wconf 83' lang='lat' dir='ltr'>in</span> <span class='ocrx_word' id='word_1_124' title='bbox 999 2117 1145 2182; x_wconf 76' lang='lat' dir='ltr'>Rt&#39;ehten‘</span> <span class='ocrx_word' id='word_1_125' title='bbox 1160 2119 1261 2184; x_wconf 79' lang='lat' dir='ltr'>Inacr.</span> 
     </span>
     <span class='ocr_line' id='line_1_17' title="bbox 177 2207 1262 2307; baseline 0.001 -27"><span class='ocrx_word' id='word_1_126' title='bbox 177 2232 201 2298; x_wconf 85' lang='lat' dir='ltr'>p.</span> <span class='ocrx_word' id='word_1_127' title='bbox 219 2207 267 2286; x_wconf 82' lang='grc'>195</span> <span class='ocrx_word' id='word_1_128' title='bbox 288 2220 465 2286; x_wconf 87' lang='lat' dir='ltr'>secundum</span> <span class='ocrx_word' id='word_1_129' title='bbox 486 2218 700 2285; x_wconf 89' lang='lat' dir='ltr'>Ritschelium</span> <span class='ocrx_word' id='word_1_130' title='bbox 723 2218 802 2285; x_wconf 87' lang='lat' dir='ltr'>decl.</span> <span class='ocrx_word' id='word_1_131' title='bbox 824 2243 855 2307; x_wconf 86' lang='lat' dir='ltr'>p.</span> <span class='ocrx_word' id='word_1_132' title='bbox 878 2226 916 2302; x_wconf 83' lang='lat'>3,</span> <span class='ocrx_word' id='word_1_133' title='bbox 938 2219 1031 2305; x_wconf 89' lang='lat' dir='ltr'>cujus</span> <span class='ocrx_word' id='word_1_134' title='bbox 1053 2240 1151 2305; x_wconf 88' lang='lat' dir='ltr'>quum</span> <span class='ocrx_word' id='word_1_135' title='bbox 1172 2216 1262 2282; x_wconf 86' lang='lat' dir='ltr'>libel-</span> 
     </span>
     <span class='ocr_line' id='line_1_18' title="bbox 177 2308 1261 2407; baseline 0.003 -29"><span class='ocrx_word' id='word_1_136' title='bbox 177 2308 225 2378; x_wconf 85' lang='lat' dir='ltr'>lum</span> <span class='ocrx_word' id='word_1_137' title='bbox 244 2331 305 2383; x_wconf 86' lang='lat' dir='ltr'>non</span> <span class='ocrx_word' id='word_1_138' title='bbox 327 2320 505 2407; x_wconf 87' lang='lat' dir='ltr'>potuissem</span> <span class='ocrx_word' id='word_1_139' title='bbox 533 2320 604 2406; x_wconf 88' lang='lat' dir='ltr'>ipse</span> <span class='ocrx_word' id='word_1_140' title='bbox 630 2319 811 2405; x_wconf 82' lang='lat' dir='ltr'>inspicere,</span> <span class='ocrx_word' id='word_1_141' title='bbox 840 2320 1034 2384; x_wconf 88' lang='lat' dir='ltr'>sententiam</span> <span class='ocrx_word' id='word_1_142' title='bbox 1055 2339 1073 2381; x_wconf 87' lang='lat' dir='ltr'>e</span> <span class='ocrx_word' id='word_1_143' title='bbox 1092 2316 1261 2382; x_wconf 83' lang='lat' dir='ltr'>Bitschelii</span> 
     </span>
     <span class='ocr_line' id='line_1_19' title="bbox 175 2407 1261 2505; baseline 0.01 -32"><span class='ocrx_word' id='word_1_144' title='bbox 175 2407 313 2504; x_wconf 80' lang='lat' dir='ltr'>deci.p.4</span> <span class='ocrx_word' id='word_1_145' title='bbox 333 2417 662 2484; x_wconf 77' lang='lat' dir='ltr'>etWelclrert&#39;aduot.</span> <span class='ocrx_word' id='word_1_146' title='bbox 685 2419 719 2482; x_wconf 93' lang='lat' dir='ltr'>in</span> <span class='ocrx_word' id='word_1_147' title='bbox 739 2417 825 2484; x_wconf 76' lang='lat' dir='ltr'>Mur.</span> <span class='ocrx_word' id='word_1_148' title='bbox 840 2417 938 2483; x_wconf 76' lang='lat' dir='ltr'>Rhea.</span> <span class='ocrx_word' id='word_1_149' title='bbox 954 2441 1020 2483; x_wconf 75' lang='lat' dir='ltr'>nov.</span> <span class='ocrx_word' id='word_1_150' title='bbox 1042 2426 1062 2483; x_wconf 89' lang='lat' dir='ltr'>t</span> <span class='ocrx_word' id='word_1_151' title='bbox 1085 2417 1141 2486; x_wconf 90' lang='lat' dir='ltr'>IV.</span> <span class='ocrx_word' id='word_1_152' title='bbox 1157 2421 1261 2505; x_wconf 72' lang='lat' dir='ltr'>pito</span> 
     </span>
     <span class='ocr_line' id='line_1_20' title="bbox 176 2513 1261 2605; baseline 0.004 -28"><span class='ocrx_word' id='word_1_153' title='bbox 176 2516 389 2602; x_wconf 76' lang='lat' dir='ltr'>tomperiebam</span> <span class='ocrx_word' id='word_1_154' title='bbox 414 2513 514 2583; x_wconf 86' lang='lat' dir='ltr'>fuisse</span> <span class='ocrx_word' id='word_1_155' title='bbox 547 2519 606 2584; x_wconf 91' lang='lat' dir='ltr'>has</span> <span class='ocrx_word' id='word_1_156' title='bbox 629 2513 754 2584; x_wconf 67' lang='lat' dir='ltr'>&#39;formas</span> <span class='ocrx_word' id='word_1_157' title='bbox 784 2527 949 2605; x_wconf 88' lang='lat' dir='ltr'>tamquam</span> <span class='ocrx_word' id='word_1_158' title='bbox 972 2516 1143 2599; x_wconf 84' lang='lat' dir='ltr'>,barbares</span> <span class='ocrx_word' id='word_1_159' title='bbox 1165 2516 1261 2582; x_wconf 89' lang='lat' dir='ltr'>helle-</span> 
     </span>
     <span class='ocr_line' id='line_1_21' title="bbox 174 2608 1261 2704; baseline 0.003 -28"><span class='ocrx_word' id='word_1_160' title='bbox 174 2608 281 2682; x_wconf 77' lang='lat' dir='ltr'>nisticas</span> <span class='ocrx_word' id='word_1_161' title='bbox 309 2617 523 2704; x_wconf 83' lang='lat' dir='ltr'>Byzantinas‘</span> <span class='ocrx_word' id='word_1_162' title='bbox 551 2640 593 2683; x_wconf 89' lang='lat' dir='ltr'>ex</span> <span class='ocrx_word' id='word_1_163' title='bbox 625 2617 813 2704; x_wconf 86' lang='lat' dir='ltr'>regionibus</span> <span class='ocrx_word' id='word_1_164' title='bbox 847 2618 980 2682; x_wconf 91' lang='lat' dir='ltr'>orientis</span> <span class='ocrx_word' id='word_1_165' title='bbox 1012 2618 1045 2680; x_wconf 94' lang='lat' dir='ltr'>in</span> <span class='ocrx_word' id='word_1_166' title='bbox 1080 2637 1261 2681; x_wconf 88' lang='lat' dir='ltr'>sermonem</span> 
     </span>
     <span class='ocr_line' id='line_1_22' title="bbox 176 2703 1260 2805; baseline -0.001 -26"><span class='ocrx_word' id='word_1_167' title='bbox 176 2703 316 2781; x_wconf 68' lang='lat' dir='ltr'>Graecum</span> <span class='ocrx_word' id='word_1_168' title='bbox 336 2718 518 2805; x_wconf 85' lang='lat' dir='ltr'>irrepsisse.</span> <span class='ocrx_word' id='word_1_169' title='bbox 554 2714 669 2783; x_wconf 82' lang='lat' dir='ltr'>Eidem</span> <span class='ocrx_word' id='word_1_170' title='bbox 693 2716 867 2782; x_wconf 88' lang='lat' dir='ltr'>barbariae</span> <span class='ocrx_word' id='word_1_171' title='bbox 887 2715 1106 2781; x_wconf 85' lang='lat' dir='ltr'>hellenisticac</span> <span class='ocrx_word' id='word_1_172' title='bbox 1126 2714 1178 2779; x_wconf 87' lang='lat' dir='ltr'>vel</span> <span class='ocrx_word' id='word_1_173' title='bbox 1196 2714 1260 2802; x_wconf 84' lang='lat' dir='ltr'>By-</span> 
     </span>
     <span class='ocr_line' id='line_1_23' title="bbox 171 2812 1261 2902; baseline -0.004 -22"><span class='ocrx_word' id='word_1_174' title='bbox 171 2814 298 2881; x_wconf 64' lang='lat' dir='ltr'>“atinae</span> <span class='ocrx_word' id='word_1_175' title='bbox 319 2819 490 2902; x_wconf 79' lang='lat' dir='ltr'>graecitati</span> <span class='ocrx_word' id='word_1_176' title='bbox 512 2817 593 2883; x_wconf 89' lang='lat' dir='ltr'>haec</span> <span class='ocrx_word' id='word_1_177' title='bbox 613 2819 744 2883; x_wconf 90' lang='lat' dir='ltr'>nomina</span> <span class='ocrx_word' id='word_1_178' title='bbox 765 2815 950 2882; x_wconf 84' lang='lat' dir='ltr'>tribuerunt</span> <span class='ocrx_word' id='word_1_179' title='bbox 984 2813 1164 2879; x_wconf 77' lang='lat' dir='ltr'>Welaloerua</span> <span class='ocrx_word' id='word_1_180' title='bbox 1184 2812 1261 2898; x_wconf 69' lang='lat' dir='ltr'>Syll.</span> 
     </span>
     <span class='ocr_line' id='line_1_24' title="bbox 168 2905 1261 3005; baseline 0.003 -26"><span class='ocrx_word' id='word_1_181' title='bbox 168 2905 247 2992; x_wconf 62' lang='lat' dir='ltr'>rste</span> <span class='ocrx_word' id='word_1_182' title='bbox 266 2913 319 2980; x_wconf 62' lang='lat' dir='ltr'>aa.</span> <span class='ocrx_word' id='word_1_183' title='bbox 339 2939 370 3003; x_wconf 80' lang='lat' dir='ltr'>p.</span> <span class='ocrx_word' id='word_1_184' title='bbox 395 2923 450 3000; x_wconf 79' lang='lat' dir='ltr'>re,</span> <span class='ocrx_word' id='word_1_185' title='bbox 485 2915 634 2981; x_wconf 64' lang='lat' dir='ltr'>ocenum</span> <span class='ocrx_word' id='word_1_186' title='bbox 654 2916 730 3002; x_wconf 66' lang='lat' dir='ltr'>syo.</span> <span class='ocrx_word' id='word_1_187' title='bbox 752 2917 848 3005; x_wconf 58' lang='lat' dir='ltr'>pqr.</span> <span class='ocrx_word' id='word_1_188' title='bbox 868 2915 923 2980; x_wconf 72' lang='lat' dir='ltr'>Gr.</span> <span class='ocrx_word' id='word_1_189' title='bbox 953 2938 984 3001; x_wconf 86' lang='lat' dir='ltr'>p.</span> <span class='ocrx_word' id='word_1_190' title='bbox 1005 2919 1076 2982; x_wconf 79' lang='lat'>437.</span> <span class='ocrx_word' id='word_1_191' title='bbox 1097 2918 1167 2979; x_wconf 78' lang='grc'><strong>456.</strong></span> <span class='ocrx_word' id='word_1_192' title='bbox 1191 2918 1261 2994; x_wconf 76' lang='lat'>488,</span> 
     </span>
     <span class='ocr_line' id='line_1_25' title="bbox 165 2994 1263 3104; baseline -0.001 -27"><span class='ocrx_word' id='word_1_193' title='bbox 165 2994 306 3079; x_wconf 61' lang='lat' dir='ltr'>Pramus</span> <span class='ocrx_word' id='word_1_194' title='bbox 338 3016 372 3081; x_wconf 91' lang='lat' dir='ltr'>in</span> <span class='ocrx_word' id='word_1_195' title='bbox 404 3014 575 3081; x_wconf 66' lang='lat' dir='ltr'>Elementa</span> <span class='ocrx_word' id='word_1_196' title='bbox 604 3015 700 3102; x_wconf 76' lang='lat' dir='ltr'>eps&#39;pr.</span> <span class='ocrx_word' id='word_1_197' title='bbox 722 3015 776 3081; x_wconf 77' lang='lat' dir='ltr'>Gr.</span> <span class='ocrx_word' id='word_1_198' title='bbox 800 3039 832 3104; x_wconf 93' lang='lat' dir='ltr'>p.</span> <span class='ocrx_word' id='word_1_199' title='bbox 855 3021 931 3098; x_wconf 78' lang='lat'>248,</span> <span class='ocrx_word' id='word_1_200' title='bbox 966 3013 1022 3101; x_wconf 91' lang='lat' dir='ltr'>qui</span> <span class='ocrx_word' id='word_1_201' title='bbox 1054 3035 1126 3078; x_wconf 92' lang='lat' dir='ltr'>cum</span> <span class='ocrx_word' id='word_1_202' title='bbox 1152 3010 1263 3078; x_wconf 81' lang='lat' dir='ltr'>Oarolo</span> 
     </span>
     <span class='ocr_line' id='line_1_26' title="bbox 161 3091 1262 3202; baseline -0.002 -24"><span class='ocrx_word' id='word_1_203' title='bbox 161 3091 256 3178; x_wconf 63' lang='lat' dir='ltr'>Ram</span> <span class='ocrx_word' id='word_1_204' title='bbox 288 3117 323 3179; x_wconf 92' lang='lat' dir='ltr'>in</span> <span class='ocrx_word' id='word_1_205' title='bbox 353 3115 486 3202; x_wconf 70' lang='lat' dir='ltr'>Species.</span> <span class='ocrx_word' id='word_1_206' title='bbox 513 3114 675 3180; x_wconf 70' lang='lat' dir='ltr'>manant.</span> <span class='ocrx_word' id='word_1_207' title='bbox 698 3113 752 3177; x_wconf 77' lang='lat' dir='ltr'>Gr.</span> <span class='ocrx_word' id='word_1_208' title='bbox 778 3137 809 3202; x_wconf 93' lang='lat' dir='ltr'>p.</span> <span class='ocrx_word' id='word_1_209' title='bbox 834 3119 872 3181; x_wconf 83' lang='lat'>79</span> <span class='ocrx_word' id='word_1_210' title='bbox 896 3135 969 3201; x_wconf 87' lang='lat' dir='ltr'>sqq.</span> <span class='ocrx_word' id='word_1_211' title='bbox 1003 3111 1157 3177; x_wconf 90' lang='lat' dir='ltr'>nonnulla</span> <span class='ocrx_word' id='word_1_212' title='bbox 1189 3134 1262 3177; x_wconf 91' lang='lat' dir='ltr'>con·</span> 
     </span>
     <span class='ocr_line' id='line_1_27' title="bbox 155 3210 1262 3307; baseline 0.002 -33"><span class='ocrx_word' id='word_1_213' title='bbox 155 3211 332 3292; x_wconf 62' lang='lat' dir='ltr'>tunetunc</span> <span class='ocrx_word' id='word_1_214' title='bbox 370 3227 402 3280; x_wconf 88' lang='lat' dir='ltr'>et</span> <span class='ocrx_word' id='word_1_215' title='bbox 435 3215 617 3280; x_wconf 88' lang='lat' dir='ltr'>tribuerunt</span> <span class='ocrx_word' id='word_1_216' title='bbox 649 3213 779 3300; x_wconf 90' lang='lat' dir='ltr'>quidem</span> <span class='ocrx_word' id='word_1_217' title='bbox 815 3214 856 3279; x_wconf 94' lang='lat' dir='ltr'>ob</span> <span class='ocrx_word' id='word_1_218' title='bbox 891 3236 961 3278; x_wconf 88' lang='lat' dir='ltr'>eam</span> <span class='ocrx_word' id='word_1_219' title='bbox 991 3235 1123 3278; x_wconf 88' lang='lat' dir='ltr'>causam</span> <span class='ocrx_word' id='word_1_220' title='bbox 1131 3210 1262 3307; x_wconf 35' lang='lat' dir='ltr'>Lquod</span> 
     </span>
     <span class='ocr_line' id='line_1_28' title="bbox 150 3309 1262 3387; baseline 0 -12"><span class='ocrx_word' id='word_1_221' title='bbox 150 3309 344 3387; x_wconf 47' lang='lat' dir='ltr'>&amp;contiones</span> <span class='ocrx_word' id='word_1_222' title='bbox 373 3324 405 3380; x_wconf 85' lang='lat' dir='ltr'>et</span> <span class='ocrx_word' id='word_1_223' title='bbox 424 3315 572 3381; x_wconf 89' lang='lat' dir='ltr'>hodierni</span> <span class='ocrx_word' id='word_1_224' title='bbox 595 3312 715 3379; x_wconf 82' lang='lat' dir='ltr'>Graeci</span> <span class='ocrx_word' id='word_1_225' title='bbox 745 3313 829 3378; x_wconf 88' lang='lat' dir='ltr'>hanc</span> <span class='ocrx_word' id='word_1_226' title='bbox 851 3311 1115 3378; x_wconf 83' lang='lat' dir='ltr'>consuetudinem</span> <span class='ocrx_word' id='word_1_227' title='bbox 1137 3333 1189 3387; x_wconf 84' lang='grc' dir='ltr'>ιος</span> <span class='ocrx_word' id='word_1_228' title='bbox 1228 3312 1262 3375; x_wconf 92' lang='lat' dir='ltr'>in</span> 
     </span>
     <span class='ocr_line' id='line_1_29' title="bbox 147 3403 1263 3501; baseline -0.006 -21"><span class='ocrx_word' id='word_1_229' title='bbox 147 3407 172 3464; x_wconf 68' lang='lat'>²3</span> <span class='ocrx_word' id='word_1_230' title='bbox 191 3415 254 3480; x_wconf 78' lang='lat' dir='ltr'>vel</span> <span class='ocrx_word' id='word_1_231' title='bbox 279 3403 312 3491; x_wconf 68' lang='grc' dir='ltr'>ἷς</span> <span class='ocrx_word' id='word_1_232' title='bbox 336 3416 493 3480; x_wconf 86' lang='lat' dir='ltr'>vicariam</span> <span class='ocrx_word' id='word_1_233' title='bbox 524 3405 574 3501; x_wconf 69' lang='grc' dir='ltr'>ἦξ,</span> <span class='ocrx_word' id='word_1_234' title='bbox 608 3404 660 3478; x_wconf 60' lang='lat' dir='ltr'>[or</span> <span class='ocrx_word' id='word_1_235' title='bbox 688 3417 722 3479; x_wconf 92' lang='lat' dir='ltr'>in</span> <span class='ocrx_word' id='word_1_236' title='bbox 754 3403 787 3476; x_wconf 65' lang='grc' dir='ltr'><strong><em>ἦ</em></strong></span> <span class='ocrx_word' id='word_1_237' title='bbox 818 3412 994 3501; x_wconf 87' lang='lat' dir='ltr'>syllabam,</span> <span class='ocrx_word' id='word_1_238' title='bbox 1034 3421 1065 3477; x_wconf 86' lang='lat' dir='ltr'>et</span> <span class='ocrx_word' id='word_1_239' title='bbox 1097 3416 1263 3498; x_wconf 90' lang='lat' dir='ltr'>utriusque</span> 
     </span>
     <span class='ocr_line' id='line_1_30' title="bbox 143 3493 1262 3603; baseline -0.008 -22"><span class='ocrx_word' id='word_1_240' title='bbox 143 3493 296 3581; x_wconf 64' lang='lat' dir='ltr'>’illatae</span> <span class='ocrx_word' id='word_1_241' title='bbox 315 3515 424 3580; x_wconf 89' lang='lat' dir='ltr'>littera</span> <span class='ocrx_word' id='word_1_242' title='bbox 448 3515 537 3580; x_wconf 86' lang='lat' dir='ltr'>finali</span> <span class='ocrx_word' id='word_1_243' title='bbox 560 3515 688 3603; x_wconf 89' lang='lat' dir='ltr'>abjecta</span> <span class='ocrx_word' id='word_1_244' title='bbox 710 3516 743 3580; x_wconf 93' lang='lat' dir='ltr'>in</span> <span class='ocrx_word' id='word_1_245' title='bbox 762 3503 949 3578; x_wconf 60' lang='lat' dir='ltr'>[vocalem</span> <span class='ocrx_word' id='word_1_246' title='bbox 970 3509 1181 3579; x_wconf 89' lang='lat' dir='ltr'>contrahendi</span> <span class='ocrx_word' id='word_1_247' title='bbox 1198 3531 1262 3574; x_wconf 91' lang='lat' dir='ltr'>non</span> 
     </span>
     <span class='ocr_line' id='line_1_31' title="bbox 142 3605 1263 3700; baseline -0.006 -20"><span class='ocrx_word' id='word_1_248' title='bbox 142 3605 321 3680; x_wconf 66' lang='lat' dir='ltr'>servorent</span> <span class='ocrx_word' id='word_1_249' title='bbox 341 3623 476 3698; x_wconf 82' lang='lat' dir='ltr'>tantum,</span> <span class='ocrx_word' id='word_1_250' title='bbox 500 3614 677 3680; x_wconf 90' lang='lat' dir='ltr'>sedetiam</span> <span class='ocrx_word' id='word_1_251' title='bbox 696 3615 730 3678; x_wconf 88' lang='lat' dir='ltr'>in</span> <span class='ocrx_word' id='word_1_252' title='bbox 753 3617 877 3679; x_wconf 84' lang='lat' dir='ltr'>cunctis</span> <span class='ocrx_word' id='word_1_253' title='bbox 899 3613 967 3678; x_wconf 85' lang='lat' dir='ltr'>fere</span> <span class='ocrx_word' id='word_1_254' title='bbox 990 3609 1147 3700; x_wconf 84' lang='lat' dir='ltr'>ejusmodi</span> <span class='ocrx_word' id='word_1_255' title='bbox 1168 3629 1263 3674; x_wconf 86' lang='lat' dir='ltr'>voca·</span> 
     </span>
     <span class='ocr_line' id='line_1_32' title="bbox 156 3693 1263 3800; baseline -0.005 -22"><span class='ocrx_word' id='word_1_256' title='bbox 156 3693 234 3778; x_wconf 68' lang='lat' dir='ltr'>ulis</span> <span class='ocrx_word' id='word_1_257' title='bbox 255 3736 315 3780; x_wconf 90' lang='lat' dir='ltr'>nec</span> <span class='ocrx_word' id='word_1_258' title='bbox 337 3713 439 3780; x_wconf 89' lang='lat' dir='ltr'>solum</span> <span class='ocrx_word' id='word_1_259' title='bbox 466 3715 500 3778; x_wconf 92' lang='lat' dir='ltr'>in</span> <span class='ocrx_word' id='word_1_260' title='bbox 527 3713 712 3781; x_wconf 90' lang='lat' dir='ltr'>nominibus</span> <span class='ocrx_word' id='word_1_261' title='bbox 741 3714 883 3800; x_wconf 84' lang='lat' dir='ltr'>propriis</span> <span class='ocrx_word' id='word_1_262' title='bbox 913 3713 1014 3782; x_wconf 89' lang='lat' dir='ltr'>secuti</span> <span class='ocrx_word' id='word_1_263' title='bbox 1044 3717 1166 3790; x_wconf 85' lang='lat' dir='ltr'>essent,</span> <span class='ocrx_word' id='word_1_264' title='bbox 1199 3730 1263 3796; x_wconf 92' lang='lat' dir='ltr'>qua</span> 
     </span>
     <span class='ocr_line' id='line_1_33' title="bbox 139 3780 1262 3901; baseline -0.004 -26"><span class='ocrx_word' id='word_1_265' title='bbox 139 3780 172 3852; x_wconf 70' lang='lat'>‘¹⁶</span> <span class='ocrx_word' id='word_1_266' title='bbox 205 3829 247 3878; x_wconf 72' lang='lat' dir='ltr'>re</span> <span class='ocrx_word' id='word_1_267' title='bbox 266 3813 341 3879; x_wconf 71' lang='lat' dir='ltr'>vus</span> <span class='ocrx_word' id='word_1_268' title='bbox 362 3812 574 3878; x_wconf 60' lang='lat' dir='ltr'>Muranum</span> <span class='ocrx_word' id='word_1_269' title='bbox 593 3815 627 3878; x_wconf 76' lang='lat' dir='ltr'>n</span> <span class='ocrx_word' id='word_1_270' title='bbox 648 3814 788 3878; x_wconf 68' lang='lat' dir='ltr'>mamm.</span> <span class='ocrx_word' id='word_1_271' title='bbox 810 3814 936 3901; x_wconf 54' lang='lat' dir='ltr'>reiquae</span> <span class='ocrx_word' id='word_1_272' title='bbox 958 3810 1011 3875; x_wconf 64' lang='lat' dir='ltr'>ea.</span> <span class='ocrx_word' id='word_1_273' title='bbox 1033 3809 1115 3895; x_wconf 69' lang='lat' dir='ltr'>aq.</span> <span class='ocrx_word' id='word_1_274' title='bbox 1137 3830 1169 3895; x_wconf 80' lang='lat' dir='ltr'>p.</span> <span class='ocrx_word' id='word_1_275' title='bbox 1196 3811 1262 3874; x_wconf 74' lang='lat' dir='ltr'>rra.</span> 
     </span>
     <span class='ocr_line' id='line_1_34' title="bbox 131 3889 1264 4001; baseline -0.008 -23"><span class='ocrx_word' id='word_1_276' title='bbox 131 3889 205 3962; x_wconf 65' lang='lat'><strong>&#39;¹57</strong></span> <span class='ocrx_word' id='word_1_277' title='bbox 225 3935 290 4001; x_wconf 87' lang='lat' dir='ltr'>sqq.</span> <span class='ocrx_word' id='word_1_278' title='bbox 314 3919 372 3980; x_wconf 84' lang='lat'>173</span> <span class='ocrx_word' id='word_1_279' title='bbox 390 3935 470 4001; x_wconf 83' lang='lat' dir='ltr'>sqq,</span> <span class='ocrx_word' id='word_1_280' title='bbox 494 3912 626 3979; x_wconf 81' lang='lat' dir='ltr'>Ooraem</span> <span class='ocrx_word' id='word_1_281' title='bbox 646 3913 688 3979; x_wconf 92' lang='lat' dir='ltr'>ad</span> <span class='ocrx_word' id='word_1_282' title='bbox 711 3911 875 3978; x_wconf 73' lang='lat' dir='ltr'>Heracliti.</span> <span class='ocrx_word' id='word_1_283' title='bbox 896 3911 987 3976; x_wconf 76' lang='lat' dir='ltr'>Peru.</span> <span class='ocrx_word' id='word_1_284' title='bbox 1008 3933 1039 3997; x_wconf 91' lang='lat' dir='ltr'>p.</span> <span class='ocrx_word' id='word_1_285' title='bbox 1061 3912 1130 3973; x_wconf 75' lang='lat'>209.</span> <span class='ocrx_word' id='word_1_286' title='bbox 1154 3906 1264 3971; x_wconf 90' lang='lat' dir='ltr'>adnot.</span> 
     </span>
     <span class='ocr_line' id='line_1_35' title="bbox 142 3986 1391 4099; baseline -0.01 -18"><span class='ocrx_word' id='word_1_287' title='bbox 142 3986 223 4092; x_wconf 60' lang='lat'>³⁵3,</span> <span class='ocrx_word' id='word_1_288' title='bbox 245 4012 395 4080; x_wconf 73' lang='lat' dir='ltr'>Roamiam</span> <span class='ocrx_word' id='word_1_289' title='bbox 418 4013 455 4076; x_wconf 91' lang='lat' dir='ltr'>in·</span> <span class='ocrx_word' id='word_1_290' title='bbox 473 4011 575 4079; x_wconf 88' lang='lat' dir='ltr'>Inscr.</span> <span class='ocrx_word' id='word_1_291' title='bbox 598 4013 655 4079; x_wconf 81' lang='lat' dir='ltr'>Gr.</span> <span class='ocrx_word' id='word_1_292' title='bbox 677 4012 762 4079; x_wconf 89' lang='lat' dir='ltr'>ined.</span> <span class='ocrx_word' id='word_1_293' title='bbox 784 4021 806 4092; x_wconf 80' lang='lat' dir='ltr'>t</span> <span class='ocrx_word' id='word_1_294' title='bbox 828 4011 870 4077; x_wconf 88' lang='lat' dir='ltr'>H.</span> <span class='ocrx_word' id='word_1_295' title='bbox 891 4035 929 4099; x_wconf 92' lang='lat' dir='ltr'>p..</span> <span class='ocrx_word' id='word_1_296' title='bbox 946 4015 985 4078; x_wconf 81' lang='grc'>59</span> <span class='ocrx_word' id='word_1_297' title='bbox 1006 4033 1036 4074; x_wconf 94' lang='lat' dir='ltr'>n.</span> <span class='ocrx_word' id='word_1_298' title='bbox 1058 4010 1129 4084; x_wconf 85' lang='grc'><strong>173,</strong></span> <span class='ocrx_word' id='word_1_299' title='bbox 1153 4005 1263 4088; x_wconf 75' lang='lat' dir='ltr'>,Insel-</span> <span class='ocrx_word' id='word_1_300' title='bbox 1389 4063 1391 4068; x_wconf 35' lang='lat'><em>2</em></span> 
     </span>
    </p>
   </div>
   <div class='ocr_carea' id='block_1_4' title="bbox 0 0 1422 4784">
    <p class='ocr_par' dir='ltr' id='par_1_4' title="bbox 0 0 1422 4784">
     <span class='ocr_line' id='line_1_36' title="bbox 0 0 1422 4784; baseline 0 1"><span class='ocrx_word' id='word_1_301' title='bbox 0 0 1422 4784; x_wconf 95' lang='lat' dir='ltr'> </span> 
     </span>
    </p>
   </div>
  </div>
 </body>
</html>
