2836 4784
448 96 482 153 de
500 95 706 168 praepodtlone
728 96 814 168 nopai.
1170 108 1190 169 7

74 265 197 352 graecis
218 275 252 329 ct
273 264 388 329 latinis
408 264 706 352 praepositionibus
726 256 800 331 ὑπό
820 264 906 343 (sub)
921 274 956 331 ct
969 258 1058 348 ὑπέρ
1070 270 1193 355 (super)

71 364 280 450 conspicitur.
322 360 435 428 Etiam
456 359 566 447 nopai
586 363 793 450 apertissime
811 363 974 431 locativus
994 366 1125 453 generis
1146 367 1192 432 fc-

66 464 184 528 minini
215 472 266 528 est
293 471 331 528 ut
351 461 461 548 pro-s’
489 467 594 550 (prae)
621 460 736 527 eadem
761 463 890 529 rationo
918 463 1094 547 formatus,
1127 486 1193 552 qua

60 555 177 644 prasci,
198 554 310 644 auaui,
325 554 409 644 διαί,
430 554 527 640 ὑπαί,
548 552 646 624 droul.

153 661 366 726 Enumeratis
395 661 495 746 igitur
523 661 637 726 formis
658 669 737 726 nota
757 683 853 726 casus
874 660 1012 727 alicuius
1031 662 1192 750 praeditis

58 784 124 826 eas
154 759 336 847 particulas
356 758 452 825 huius
473 758 640 838 thematis,
669 782 752 847 quae
774 760 868 846 signo
891 782 988 827 casus
1011 771 1126 828 carent
1143 784 1192 828 re-

55 881 205 925 censere
226 858 346 936 licebit
366 858 478 943 quales
501 859 678 946 particulas
707 882 771 926 non
792 869 859 924 tam
881 861 916 925 in
936 860 1050 948 lingua
1071 884 1193 947 graeca

53 969 205 1024 exstare
227 958 436 1022 coniicicmus
459 958 552 1035 (haec
573 959 658 1025 enim
677 958 790 1045 lingua
804 981 877 1023 cum
889 960 1019 1025 omnino
1031 959 1193 1030 vocalium

51 1057 209 1123 verbum
228 1056 418 1139 finientium,
439 1066 507 1122 tum
528 1059 564 1122 in
581 1052 859 1145 praepositionum
877 1059 967 1125 exitu
982 1060 1193 1126 tenacissima

51 1169 113 1223 cst
137 1157 180 1222 cf.
202 1156 291 1220 Pott
309 1155 329 1220 l
349 1155 371 1220 l.
392 1178 424 1243 p.
445 1161 529 1238 233),
551 1154 649 1243 quam
677 1157 711 1221 in
741 1157 862 1243 linguis
890 1157 1021 1223 italicis.
1045 1158 1085 1222 cf.
1111 1160 1188 1238 περί

39 1281 139 1340 per,·
160 1247 409 1337 dasian-belm
432 1248 482 1317 lvi
493 1253 537 1318 rio.
559 1254 729 1321 Sanscrita
746 1266 778 1322 et
794 1256 929 1322 acndica
943 1257 1057 1343 lingua
1069 1257 1190 1323 nullam

47 1354 164 1421 huius
187 1354 276 1420 modi
296 1354 435 1419 formam
457 1354 619 1429 servavit3
654 1377 774 1440 graeca
806 1356 945 1421 formam
978 1350 1048 1437 πάρ
1081 1356 1191 1441 habet,

47 1458 272 1544 frequentem
300 1454 389 1541 apud
409 1453 606 1536 Homerum,
636 1451 935 1542 frequentissimam
957 1456 1047 1542 apud
1069 1454 1190 1523 Pinda-

49 1577 149 1636 rum,
174 1555 257 1618 satis
277 1576 387 1619 raram
410 1553 499 1640 apud
518 1563 633 1641 poetas
654 1554 809 1640 tragicos,
830 1577 990 1643 nusquam
1007 1555 1188 1621 adhibitam

50 1654 101 1720 ab
129 1652 367 1739 Aristophane,
387 1652 474 1718 unde
497 1675 518 1717 a
539 1650 677 1718 dialecto
699 1676 777 1719 vere
789 1650 900 1718 Attica
921 1676 993 1719 eam
1011 1653 1109 1742 plane
1132 1653 1189 1720 ali·

51 1776 161 1819 enam
177 1753 281 1817 fuisse
292 1751 485 1819 concludere
499 1750 629 1837 licebit3
651 1752 894 1819 contraAeoles
907 1762 940 1818 et
956 1752 1137 1819 Dorienses
1155 1762 1191 1819 ut

52 1855 200 1919 omnino
222 1853 501 1939 praepositionum
524 1872 703 1938 apocopae,
727 1852 774 1919 ita
804 1851 984 1939 particulae
1007 1848 1101 1933 παρά
1123 1862 1190 1917 stn-

55 1953 273 2018 diosissimos
294 1951 396 2016 fuisse
418 1950 568 2016 omnibus
590 1961 701 2017 notum
723 1961 783 2018 est.

149 2050 346 2116 Latinorum
366 2072 445 2115 vero
460 2072 522 2137 per
543 2055 753 2139 (quamquam
784 2049 954 2117 oblocutus
985 2059 1034 2115 est
1055 2046 1190 2115 Ebelius

62 2149 108 2215 K.
132 2149 169 2216 Z.
188 2148 238 2214 VI
252 2154 324 2228 204)
346 2149 515 2235 quominus
537 2154 613 2214 cum‘
621 2148 822 2215 Graecorum
843 2144 937 2234 παρά
955 2171 1190 2237 comparemus,

65 2270 171 2336 neque
193 2249 301 2313 forma
322 2270 425 2334 neque
446 2246 626 2314 intellectus
657 2248 858 2339 impediunt,
888 2272 1086 2338 quamquam
1113 2249 1191 2336 quia

61 2372 122 2432 per
153 2356 187 2413 et
216 2370 289 2412 cum
316 2369 379 2412 uno
402 2369 480 2412 casu
502 2348 719 2433 coniungitur,
741 2340 834 2429 παρά
858 2370 930 2413 cum
951 2348 1067 2431 tribus,
1095 2357 1191 2413 etex

65 2454 161 2534 parte
173 2447 275 2511 etiam
292 2446 529 2533 praepositioni
550 2438 630 2527 περί
649 2446 837 2534 respondet,
857 2447 975 2513 mirum
996 2469 1061 2512 non
1084 2453 1193 2532 potest

67 2567 139 2611 esse
171 2544 261 2633 quod
289 2547 388 2610 ctiam
415 2545 611 2632 significatio
640 2568 683 2611 ex
710 2555 806 2635 parte
832 2555 957 2613 tantum
990 2568 1063 2611 cum
1097 2536 1191 2629 παρά

71 2645 232 2711 convenit.

149 2743 351 2809 Umbrorum
372 2744 572 2832 praepositio
586 2766 649 2829 per
669 2765 753 2833 quae
775 2742 897 2808 latinae
910 2764 974 2828 ρνο
997 2753 1029 2807 et
1051 2741 1190 2809 Umbro·

72 2864 139 2909 rum
162 2841 389 2928 Oscorumque
415 2840 578 2929 particula
595 2855 670 2928 pert
699 2864 782 2932 quae
810 2840 931 2907 latinae
961 2853 1071 2917 aona,
1104 2842 1192 2907 oltra

74 2940 248 3029 respondet
267 2942 320 3015 (cf.
341 2939 495 3007 Ebelium
515 2940 556 3007 K.
569 2938 606 3006 Z.
624 2940 655 3005 V
676 2946 745 3008 417.
777 2939 987 3006 Oorssenium
1009 2939 1052 3005 ib.
1076 2946 1134 3007 102
1159 2950 1192 3007 et

75 3037 164 3123 XIII,
189 3044 261 3118 189)
281 3039 447 3107 intellectu
470 3041 576 3127 magis
598 3038 641 3104 ad
664 3038 875 3105 asiaticarum
896 3039 1081 3124 linguarum
1115 3063 1191 3127 par·

74 3139 184 3204 ticulas
224 3141 387 3226 pertinere
411 3136 578 3214 videntum
606 3137 664 3203 scd
691 3140 819 3225 goticae
850 3137 982 3224 linguae
1008 3138 1191 3224 praefixum

73 3237 137 3320 frc-
158 3246 191 3303 et
213 3260 327 3325 praep.
345 3237 434 3325 fair,⁸
453 3239 531 3304 item
551 3236 707 3303 theodisc.
725 3236 927 3324 sor-fir-fcr
942 3245 974 3302 et
988 3247 1121 3303 nostrae
1131 3237 1191 3301 lin·

74 3357 152 3422 guae
170 3336 355 3425 praefixum
376 3361 442 3403 oer-
463 3335 762 3426 praepositionibus
775 3329 845 3417 πάρ
867 3345 900 3401 et
914 3359 976 3422 par
990 3333 1192 3422 respondent

75 3436 120 3512 (uf.
140 3436 173 3503 J.
197 3434 338 3520 sirim,
359 3437 402 3502 D.
425 3434 464 3501 G.
487 3435 539 3501 111
560 3441 634 3513 256)
664 3456 770 3523 neque
794 3436 901 3501 minua
929 3435 1105 3500 lituanicae
1130 3430 1191 3497 lin·

74 3556 150 3618 guae
169 3536 278 3629 praes.
293 3559 373 3623 par·
395 3543 427 3601 et
446 3558 557 3623 praep.
571 3539 642 3621 par,
665 3534 805 3623 denique
827 3534 999 3602 Slavorum
1019 3529 1187 3617 praeposi·

74 3632 112 3701 tio
133 3632 371 3722 inseparabilis
387 3638 461 3721 ρῃὲ.
596 3704 599 3709 ,
849 3718 852 3725 Ι

147 3733 362 3803 Brevissima
382 3755 466 3822 quae
488 3733 667 3821 excogitari
686 3741 796 3822 potest
815 3726 1077 3824 praepositionis
1096 3718 1192 3813 ,παρά
