2836 4784
149 314 210 381 230
607 370 611 377 ,
669 310 754 367 Allen

234 486 264 546 4.
292 482 312 542 I
331 481 523 567 productum
544 481 591 545 nil
611 482 775 569 singulare
792 484 942 570 praebet:
964 484 1085 570 legitur
1104 485 1137 549 in
1155 476 1219 548 vead

151 579 222 657 (ΟΖ.
247 585 307 661 18),
328 571 447 660 ἄτιμος
468 581 567 667 (Hyp.
592 589 641 665 40,
664 590 726 666 43),
745 574 850 661 χίλιοι
872 583 972 671 (Hyp.
986 591 1049 667 39),
1071 607 1219 672 quamque

149 679 296 745 nonnulli
315 680 423 746 Dores
443 675 564 759 χείλιοι
586 692 617 747 et
636 675 752 766 χήλιοι
773 682 934 766 dicebant,
954 675 1208 763 Ὑποκναμίδιοι.

234 790 261 847 5.
298 780 535 868 Yprcduotum
558 791 666 847 exstat
685 783 719 846 in
735 773 863 858 συλάω,
890 773 1014 846 ἄσυλον
1036 793 1095 848 etc.
1117 782 1219 862 (Oula

150 885 169 943 ὕ
189 890 300 946 natum
320 882 355 947 in
376 880 513 964 καρῦξαι
535 884 648 969 (Hyp.)

677 1172 697 1251 ξ
721 1175 748 1236 6.

530 1318 587 1383 De
613 1317 883 1407 depbtboape'a.

232 1467 517 1554 Diphthongorum
539 1470 630 1553 origo
652 1469 773 1556 triplex
795 1480 859 1553 est3
891 1470 1104 1557 productione
1129 1466 1219 1533 vicarit

153 1589 313 1632 concursu
337 1566 473 1631 duarum
495 1569 657 1633 vocalium
680 1590 816 1652 quarum
840 1569 943 1635 altera
965 1570 1065 1654 dura,
1088 1570 1180 1635 altera
1193 1585 1219 1629 su

152 1691 212 1731 sua
230 1676 346 1731 natura
365 1666 469 1731 mollis
489 1676 543 1731 aut
563 1668 666 1753 ipsius
680 1671 908 1733 contractionis
921 1673 1030 1756 gratia
1048 1668 1179 1735 emollita
1190 1677 1219 1728 est

152 1767 291 1852 deniqne
314 1789 350 1831 ea
375 1768 484 1853 specie
506 1766 782 1854 amplificationis,
805 1792 902 1856 quam
923 1780 958 1834 ut
976 1770 1091 1835 Indico
1112 1779 1177 1833 utar
1192 1783 1219 1826 11⁰

153 1866 248 1948 mine,
267 1891 387 1954 punam
409 1865 543 1932 vocabo.
584 1867 637 1931 De
658 1869 765 1952 prima
790 1867 909 1951 classe,
936 1891 1063 1935 necnon
1086 1869 1125 1933 de
1146 1867 1184 1931 eis
1199 1882 1219 1926 u

154 1966 278 2031 eundae
306 1966 421 2031 classis
449 1964 659 2052 diphthongis
688 1990 771 2053 quae
800 1968 1087 2054 comprehensione
1109 1967 1219 2035 durarit

152 2065 312 2139 vocalium
335 2067 468 2131 effectae
496 2074 587 2148 sunt,
613 2066 648 2129 in
676 2076 827 2150 sequente
849 2068 1060 2154 paragrapho
1088 2082 1219 2152 exponen

153 2167 245 2230 mitto
259 2176 429 2252 praeterea
446 2162 646 2250 syllabarum
666 2165 812 2231 finalium
827 2165 1047 2253 diphthongos
1066 2164 1171 2254 quales
1182 2180 1219 2226 sun

153 2287 226 2328 -ται
247 2265 313 2331 ind.
335 2264 436 2346 med,
458 2284 553 2325 -σται
575 2265 702 2346 (σθαι),
732 2287 787 2328 -αι
807 2265 896 2329 infin.
903 2316 912 2349 ,
939 2291 976 2354 -ῃ
1000 2268 1169 2352 conjunct,
1187 2277 1219 2320 ·⁰t

153 2387 233 2440 -σις,
256 2387 306 2443 -p,
331 2387 376 2448 -ῳ
395 2363 569 2445 nominum,
592 2363 743 2450 deinceps
761 2388 876 2430 vocum
893 2357 940 2441 αἱ,
962 2358 1028 2447 καί,
1050 2357 1136 2441 ἄνευ,
1152 2349 1219 2432 αὐτός

155 2453 207 2540 αὖ,
233 2487 368 2552 quarum
398 2465 489 2548 origo
512 2464 633 2549 partim
655 2463 794 2528 obscura
815 2475 879 2543 est,
901 2467 1023 2551 partim
1039 2467 1111 2552 jam
1133 2462 1170 2528 ab
1187 2478 1219 2522 om

154 2562 250 2629 nibus
282 2563 482 2650 intelligitur.
531 2563 604 2627 Hoc
638 2572 762 2627 tantum
788 2562 1028 2648 animadverto,
1066 2557 1102 2627 ci
1129 2566 1161 2627 in
1183 2553 1219 2622 lat

154 2665 404 2730 attenuationem
427 2684 559 2749 passum
582 2685 661 2728 esse.

240 2771 265 2830 1.
307 2760 513 2850 Diphthongi
540 2783 598 2846 per
620 2787 742 2850 punam
769 2764 901 2828 effectae
933 2772 1007 2828 sunt
1031 2763 1067 2826 in
1097 2761 1219 2832 rotare

153 2865 343 2930 derivativis
366 2862 488 2949 (Hyp),
506 2851 610 2924 λείπω
622 2862 712 2942 (ibid.
729 2869 757 2946 7,
769 2869 821 2941 42)
836 2863 975 2927 fortasse
993 2863 1090 2926 etiam
1107 2864 1139 2926 in
1155 2858 1219 2948 prior

154 2963 280 3050 syllaba
302 2964 391 3027 vocis
419 2953 516 3026 cifri
545 2963 709 3041 (navasset
729 2963 820 3049 Hyp.
839 2969 881 3046 4),
904 2984 1101 3050 quamquam
1121 2958 1219 3026 radices

153 3086 276 3149 nequeo
299 3063 501 3129 constituere.
884 3063 886 3069 ’

235 3162 310 3227 Huc
331 3146 536 3228 referendum
559 3171 608 3228 est
629 3153 799 3248 ἀποτείσῃ,
821 3161 972 3249 Hyp.15.
1003 3161 1077 3226 Non
1093 3161 1174 3225 enim
1185 3147 1219 3221 hn‘

154 3264 227 3327 voci
257 3261 370 3326 eadem
397 3264 480 3327 ratio
509 3285 548 3327 ac
576 3255 746 3345 πολείτης,
774 3253 935 3336 Εἰτεαῖοι,
967 3270 998 3324 et
1025 3259 1219 3325 similibustr

154 3361 284 3428 buenda
302 3370 359 3444 est,
382 3385 464 3449 quae
480 3361 716 3427 recentioribus
734 3360 897 3448 lapidibus
915 3359 1079 3446 insculpta
1096 3359 1219 3444 corrupi²

155 3462 410 3548 pronuntiationi
440 3461 612 3544 debentur3
641 3463 695 3548 qui
723 3483 791 3525 mos
820 3458 984 3525 scribendi
1006 3461 1133 3524 initium
1153 3446 1219 3522 inl

153 3563 226 3626 ticis
259 3562 358 3647 capit,
392 3561 581 3626 secundum¹
601 3562 789 3642 Franzium,
819 3558 921 3622 Elem.
949 3558 1064 3644 Epigr.
1094 3581 1166 3646 pag.
1195 3555 1219 3621 1⁵

153 3662 382 3727 Demosthenis
415 3661 543 3726 demum
578 3671 691 3725 aetate.
744 3659 783 3722 In
810 3682 875 3724 una
902 3658 965 3723 hac
992 3681 1072 3723 voce
1098 3659 1205 3723 nititur

155 3764 319 3848 scriptura
341 3763 533 3826 auctoritate
561 3761 727 3826 titulorum
749 3758 855 3823 bonae
882 3759 1015 3822 aetatis:
1043 3755 1198 3843 exemplis

153 3862 312 3927 Ahrensic
334 3862 416 3927 Dor.
442 3868 498 3930 184
522 3861 647 3926 collatis
673 3881 758 3923 nunc
787 3856 913 3922 accedit
935 3849 1164 3931 ἄπυσεισάτω,
1190 3872 1219 3917 ιι1

153 3986 217 4026 non
239 3954 379 4025 ἔστεισιν
401 3954 548 4038 (ἔκτισιν)
570 3970 602 4025 et
623 3951 803 4022 ἆπστειέτω
825 3959 859 4021 in
881 3957 1059 4042 Tegeatica
1087 3959 1190 4034 inser,
