2836 4784
515 314 549 374 de
566 318 684 377 dialecto
702 319 889 378 Locrensium.
1196 329 1253 393 271

167 469 327 645 ἐξέθηκαν,
351 485 438 573 quod
453 508 517 578 por
538 511 589 554 me
610 488 685 555 lieet
706 513 767 578 pro
784 491 922 556 Loorioo
943 490 1076 558 habeas.
1112 491 1160 558 Of.
1179 490 1259 559 Ahr.

207 587 420 750 r'Id‘leffiaoristo
441 677 602 775 ἀποτείσῃ
625 656 837 755 disseruimus
860 692 880 769 ξ
905 698 934 770 6,
960 697 988 755 1.

197 822 200 827 «
226 779 265 845 In
294 785 438 868 perfeeto
468 781 658 872 FaFoidpaa
676 792 773 876 (part.
798 783 1007 875 iei'odpuduo
1029 789 1118 875 Hyp.
1139 794 1190 865 38)
1210 791 1256 853 vi·

157 875 279 962 demus,
307 890 343 946 ut
366 884 601 951 Oeconomides
630 887 712 964 bene
736 898 842 970 notat,
875 888 1009 953 eandem
1032 889 1257 953 formationem

154 985 245 1062 sique·
261 981 295 1045 in
316 983 510 1071 vulgaribus
530 980 703 1073 τετύχηκα,
733 983 917 1072 μεμάθηκα
946 998 978 1052 ot
1008 989 1040 1053 in
1070 987 1257 1054 Herodoteo

151 1071 320 1164 λελάβηκα.

654 1273 675 1350 ἓ
698 1277 745 1339 15.

403 1416 458 1482 De
484 1419 620 1504 forma
643 1420 999 1506 praepositionum.

222 1579 368 1647 Plurima
384 1584 561 1670 jamdicta
583 1594 656 1650 sunt
677 1585 734 1661 nbi
762 1585 999 1672 disputavimus
1028 1584 1068 1649 de
1101 1607 1254 1672 apocope.

224 1671 301 1744 dani:
325 1683 358 1745 in
383 1685 570 1770 compositis
596 1675 644 1761 ἄν,
667 1683 745 1750 alibi
766 1687 937 1771 integrum.

224 1774 316 1864 παρά
338 1802 402 1846 non
424 1782 542 1869 legitur
565 1781 622 1873 sod
636 1770 794 1850 rationem
810 1783 945 1849 eandem
960 1787 1167 1871 sequi-quam
1188 1776 1252 1845 ἀνά

152 1869 219 1939 linet
239 1878 389 1964 eredere3
410 1881 489 1949 Ahr.
513 1883 594 1947 Dor.
614 1890 682 1951 354.

224 1971 328 2055 κατᾶ,·
356 1980 519 2069 integrum
542 1983 575 2047 in
598 1984 786 2069 compositis
801 1981 909 2069 (Hyp.
934 1985 965 2058 7)
987 1979 1137 2068 idemque
1159 2002 1251 2067 sepa-

156 2073 236 2139 ratim
256 2077 329 2153 (Oz-
359 2085 396 2161 43
418 2074 592 2167 Hyp.'28);
615 2082 682 2149 sed.
704 2091 778 2146 ante
800 2076 970 2145 articulum
992 2071 1054 2140 κάτ
1074 2076 1174 2165 (Hyp.
1191 2084 1264 2162 46),

157 2161 188 2230 κά
209 2173 280 2255 (02.
300 2183 348 2259 rs,
370 2177 459 2265 Hyp.
484 2185 521 2256 1).
606 2179 609 2182 ·
931 2174 934 2180 “

159 2265 183 2430 Η’
221 2266 391 2354 puerinon
413 2281 569 2344 mutaturi
599 2280 633 2343 in
662 2301 765 2371 comp.
796 2278 896 2343 Oai}
924 2287 955 2367 et
985 2276 1043 2358 al„
1073 2277 1252 2365 separatim

183 2390 228 2458 n-
251 2380 299 2442 13·
1101 2394 1102 2401 Ν

186 2473 188 2479 ’
223 2466 278 2535 διά
300 2482 337 2538 ut
358 2473 466 2560 vulgo,
487 2475 521 2540 in
542 2498 646 2563 comp.
663 2475 751 2565 Hyp.
775 2478 824 2558 38,
845 2481 894 2543 45.
1261 2556 1265 2567 ι

222 2564 302 2635 ποτὶ
327 2573 425 2638 habet
453 2570 591 2641 formam
619 2568 666 2636 πό
694 2575 783 2662 Hyp.
817 2578 864 2641 33.
915 2572 953 2638 In
985 2572 1043 2639 Oa.
1074 2580 1111 2640 i4
1140 2573 1252 2639 tabula

159 2667 272 2747 praebet
290 2669 352 2735 noi
372 2665 446 2748 τόν,·
470 2672 511 2738 de
533 2698 598 2763 qua
622 2674 726 2739 forma
742 2672 992 2760 praepositionis
1014 2672 1133 2737 diserte
1155 2681 1250 2739 testa-

157 2768 196 2826 bir
213 2766 316 2858 Etym.
339 2769 427 2858 Mag.
451 2778 501 2856 67,
524 2777 552 2855 8,
573 2770 630 2852 44,¹
644 2771 788 2837 tribuens
811 2770 962 2857 Argivis:
983 2773 1045 2833 ποῖ
1065 2768 1157 2852 παρὰ
1177 2763 1253 2853 Ἀρέ

156 2855 237 2942 ydriae
257 2861 331 2934 nini
352 2872 411 2933 τὀῦ
433 2865 523 2959 noui,
546 2865 723 2958 ἀφαιρέσει
744 2871 802 2933 τοῦ
823 2892 856 2945 τ,
882 2858 952 2933 εἶτα
981 2863 1126 2954 savina:
1156 2880 1252 2961 atque

155 2969 254 3033 mensis
270 2964 437 3056 'Delphici
466 2993 583 3036 nomen
609 2962 839 3052 Ποιτρόπιος,
876 2967 962 3057 quod
991 2960 1066 3032 olim
1096 2967 1136 3035 G.
1167 2969 1250 3035 Her·

153 3069 270 3132 mannus
287 3090 353 3158 per
373 3070 622 3156 suppleamus
641 3071 871 3156 interpretatus
894 3077 951 3151 est,
974 3068 1071 3132 etiam
1093 3067 1156 3132 huc
1177 3091 1249 3155 per-

151 3155 237 3229 tl'nere
264 3166 404 3233 videtur.
453 3169 690 3235 Oeconomides
715 3171 858 3233 sormam
885 3166 1083 3231 confidenter
1114 3169 1249 3254 aceepit,

144 3257 192 3320 '⁰111
219 3269 369 3350 quamvis
400 3267 559 3353 singulari
588 3269 763 3333 auotoritas
793 3265 953 3355 quaedam
981 3287 1045 3330 non
1067 3273 1174 3352 potest
1195 3265 1250 3330 ab·

138 3346 284 3432 iudicari.
328 3365 374 3431 At
397 3364 593 3454 Sylbnrgius
615 3367 745 3454 scripsit
770 3367 804 3430 in
824 3365 896 3429 loco
918 3361 1136 3453 Etymologici
1159 3358 1262 3428 mida

137 3463 195 3526 Pro
209 3460 309 3549 'arrei¹
334 3475 366 3530 et
388 3467 420 3531 in
443 3474 555 3531 nostro
576 3465 668 3531 titulo
689 3465 798 3530 neseio
813 3488 854 3529 an
876 3467 917 3528 sit
933 3463 1149 3545 scribendam,
1165 3485 1249 3527 oom-

132 3558 249 3628 parato
272 3558 399 3640 ποτοΰς
427 3565 562 3630 alterins
582 3558 684 3648 tituli,
713 3585 731 3626 τ
755 3586 815 3654 pro
838 3586 869 3638 ι,
901 3552 936 3626 ui
962 3562 1089 3648 legatur
1110 3556 1248 3626 aaran:

130 3656 266 3744 Prorsus
289 3662 400 3729 simile
415 3665 531 3728 vitium
552 3673 600 3728 est
627 3665 660 3726 in
681 3662 768 3749 Hyp
791 3666 831 3729 46
854 3660 911 3744 nbi
933 3667 992 3748 pro
1005 3659 1179 3724 'KATTO
1200 3669 1248 3726 ta·

130 3748 214 3823 ’ula
232 3762 366 3827 exhibet
387 3765 478 3826 ΚΑΙ
482 3764 549 3826 ΊῸ.

157 3928 160 3933 ,
218 3855 296 3953 aspi
328 3861 380 3927 bis
398 3861 531 3954 ilegitur
565 3863 599 3926 in
630 3859 738 3947 Hyp.;
767 3860 800 3924 in
828 3868 965 3943 utroque
982 3857 1069 3922 ioco
1102 3861 1248 3942 apocope

130 3935 293 4042 Rectum,
316 3944 391 4043 πέρ’.
435 3959 484 4025 Of.
502 3947 653 4040 ¹mipodog
673 3956 793 4043 Delplr.
815 3957 851 4022 C.
870 3956 896 4019 Ι.
918 3960 1007 4022 1688.

882 4106 885 4111 ,
988 4053 1037 4107 18*
