2836 4784
526 359 561 414 da
577 357 782 430 praepositione
801 357 887 430 παρά.
1225 369 1265 430 69

148 530 294 616 χρῆσθαι
320 528 341 609 5
367 532 415 596 13.
436 522 551 614 φυγών
571 522 650 604 τοὺς
675 518 760 611 παρ’
791 517 876 589 αὐτὰ
904 520 946 588 τὰ
968 518 1149 608 πράγματα
1172 523 1265 611 ἐλέγ-

150 649 226 705 χους.
270 632 291 710 ξ
331 633 379 694 15.
417 633 487 696 226.
523 617 617 709 παρ’·
647 617 730 690 αὐτὰ
765 617 973 712 τάδικήματα
1008 623 1067 711 τὴν
1102 622 1265 711 τιμωρίαν

154 728 330 791 ποιεῖσθαι
362 722 446 791 orat.
469 727 504 791 in
528 726 608 792 Mid.
637 731 687 794 26.
711 732 782 793 245.
809 718 980 794 ἁπάντων
1009 716 1042 787 δ’
1073 717 1266 807 ἀνθρώπων

157 818 322 889 εἰωθότων
342 816 427 909 παρ’
451 816 535 888 αὐτὰ
557 816 768 910 τάδικήματα
789 822 921 906 μᾶλλον
948 816 1113 910 ἢχρόνων
1135 821 1264 909 ἐγγεγε-

160 921 294 1011 νημένων
317 916 513 1008 ἀγανακτεῖν
534 923 580 991 id.
599 923 767 991 XXXVII
788 931 816 991 7.
831 926 869 1003 ¹⁴)

661 1112 681 1191 p
702 1112 752 1172 22.

232 1223 285 1288 Ex
307 1223 475 1290 intellectu
495 1224 592 1290 locali
613 1225 711 1289 etiam
733 1222 788 1287 ille
802 1223 1053 1309 praepositionis
1069 1219 1161 1307 παρά
1175 1249 1263 1309 usus,

172 1345 200 1387 ex
216 1345 275 1410 qno
298 1324 507 1389 4444444444
523 1322 655 1388 cuidam
675 1321 909 1409 significandae
922 1333 1099 1412 usurpatur
1115 1325 1263 1390 derivan-

173 1421 213 1487 lus
237 1423 367 1488 videtur
395 1445 477 1506 ease,
507 1424 599 1488 cuius
621 1445 699 1486 usus
728 1419 817 1507 apud
838 1419 964 1485 Atticos
987 1424 1162 1508 scriptores
1185 1447 1263 1509 pau·

173 1523 279 1588 sissima
299 1533 427 1588 tantum
449 1521 600 1609 exempla
619 1522 844 1609 reperiuntur;
868 1528 899 1584 et
914 1522 1054 1606 primum
1078 1523 1205 1608 quidem
1223 1524 1263 1588 de

174 1621 206 1684 eis
229 1621 306 1687 locis
341 1623 398 1688 ubi
425 1621 664 1688 subitantivum
693 1614 805 1684 eodem
834 1617 1038 1685 substantivo
1068 1644 1140 1686 cum
1168 1617 1262 1703 παρά

174 1723 283 1806 repetito
306 1721 425 1809 legitur
452 1711 724 1807 disputabimusp
738 1741 835 1805 quam
862 1720 1020 1783 rationem
1044 1719 1173 1785 dicendi
1197 1723 1262 1807 pri-

175 1822 284 1885 mariam
306 1822 469 1886 fuisse'ot
496 1841 555 1907 per
578 1840 612 1884 se
634 1816 831 1902 intellegitur
854 1827 886 1883 et
907 1821 1100 1904 optimorum
1125 1822 1261 1906 scripto-

174 1937 223 1984 rum
239 1937 299 1987 usu
321 1919 538 1986 confirmatur.

235 2013 273 2082 Τι’
294 2016 357 2103 γὰρ
380 2010 462 2102 παρ’
492 2006 580 2104 ἦμαρ
607 2008 717 2102 ἡμέρα
737 2008 872 2096 τέρπειν
901 2008 967 2094 iicet
989 2020 1179 2099 προσθεῖσα
1202 2011 1264 2081 κά·

176 2119 289 2182 ναθεῖσα
311 2119 371 2210 cpi·
400 2139 436 2200 γε
464 2116 663 2191 κατθανεῖνς
692 2113 792 2202 Soph.
818 2114 910 2179 Aiac.
939 2122 1007 2182 475.
1051 2140 1134 2204 quac
1160 2118 1263 2183 verba

176 2222 279 2304 proprie
302 2217 505 2305 significauit
528 2214 608 2303 quid
629 2215 715 2278 enim
737 2212 959 2289 delectationis
976 2214 1074 2281 habet
1094 2217 1163 2281 dics
1179 2217 1261 2282 alius

175 2310 242 2382 iuxta
261 2318 362 2383 alium
381 2340 425 2381 sc.
440 2315 577 2403 positus,
600 2335 672 2378 cum
694 2311 776 2377 nihil
796 2313 859 2376 nisi
882 2312 922 2376 de
942 2315 1102 2379 moriendi
1124 2319 1262 2381 necessi·

179 2420 223 2479 lats
241 2429 294 2484 aut
317 2417 419 2482 addat
441 2413 565 2502 aliquid
583 2421 640 2477 aut
658 2411 806 2494 differat;
827 2411 889 2476 hoc
905 2421 968 2476 est·
992 2414 1069 2497 quid
1085 2415 1165 2479 dies·
1177 2416 1263 2481 dicm

180 2528 281 2599 ltquens
304 2526 366 2582 etc.

231 2615 355 2681 Eadem
385 2614 544 2679 sententia
572 2609 702 2674 videtur
729 2609 776 2674 lat
763 2618 831 2674 tere
856 2611 890 2681 in
920 2579 991 2676 loco
1019 2616 1263 2699 corruptissimo

175 2703 327 2798 Sophocleo
350 2712 445 2791 (Oed.
463 2709 532 2777 001.
527 2715 642 2827 1455)
663 2707 721 2773 ubi
743 2708 836 2777 codd.
852 2710 936 2775 hanc
951 2713 1145 2798 scripturam
1166 2737 1259 2830 prae-

135 2865 139 2874 ,
174 2801 265 2877 bant
251 2817 324 2900 ορᾷ,
365 2807 428 2897 ὁρᾷ
448 2800 537 2872 ταῦτ’
561 2799 615 2870 ἀεὶ
632 2801 759 2888 χρόνος,
784 2802 932 2890 lantper
943 2806 1050 2891 crepa
1047 2833 1089 2872 4(
1084 2804 1259 2898 ὁεπηματ

173 2895 250 2989 αὖθις
277 2901 430 2991 αὕξων’
415 2902 483 2972 α’νω
512 2918 572 2973 etc.
620 2906 767 2971 Primum
796 2920 934 2994 apparet
961 2910 1097 2975 verbum
1127 2910 1260 2999 aliquod

172 3012 319 3118 participio
342 3002 451 3088 αὔξων
473 3006 675 3095 respondens
696 3006 892 3090 desiderari,
914 3009 1002 3096 quod
1023 3010 1160 3074 verbum
1181 3035 1262 3077 voce

171 3094 226 3171 iaci
225 3108 482 3222 ‚explicationis
498 3106 617 3192 gratia,
640 3115 676 3168 ut
690 3104 778 3169 vide
766 3116 817 3169 ur
837 3106 1053 3194 adscriptae
1036 3118 1161 3174 ettexu
1126 3112 1257 3176 4-4444)
1296 3164 1298 3171 .

171 3216 266 3274 motum
289 3232 361 3274 esse
383 3207 500 3272 coniici
522 3213 638 3290 potest.
667 3204 836 3269 Nauckius
852 3227 869 3269 e
883 3206 1036 3272 scholiast
1023 3217 1075 3273 tae
1098 3211 1261 3296 scriptura

169 3299 275 3380 τρέπων,
312 3302 465 3393 στρέφων
490 3303 609 3369 elicuit.
659 3302 793 3368 Deinde
821 3327 881 3390 pro
912 3328 991 3371 voce
1020 3300 1146 3392 πήματ
1176 3312 1262 3374 omni

169 3417 242 3471 sensu
262 3416 394 3473 carente
408 3406 577 3472 ‘Canterus
601 3401 796 3467 scholiastae
817 3402 986 3470 lectionem
1009 3399 1092 3488 παρ’
1116 3397 1203 3493 ἦμαρ
1225 3411 1259 3472 in

168 3503 237 3569 textu
256 3507 419 3594 reposuit,
448 3502 535 3569 unda
562 3501 644 3565 haec
673 3501 832 3567 sententia
854 3503 1006 3568 efficitur:
1036 3506 1141 3589 videt,
1172 3507 1261 3571 videt

167 3630 353 3656 κ...-

219 3707 258 3772 14)
272 3707 315 3763 Ex
334 3707 388 3766 hoc
406 3719 459 3756 usu
478 3704 631 3770 composita
650 3702 790 3773 παραυτά.
815 3707 984 3773 παραυτίκα
1012 3709 1183 3820 παραχρῆμα
1201 3707 1262 3757 orta

168 3779 188 3829 ll
201 3788 357 3857 explicanda
374 3790 447 3842 aunt.

216 3868 301 3926 Etiam
319 3876 416 3927 nostra
432 3870 529 3942 lingua
542 3869 675 3924 eiusmodi
692 3870 846 3926 locutiones
863 3869 949 3923 habet
970 3868 1046 3922 velut
1067 3869 1111 3922 444
1130 3876 1174 3937 pet
1163 3869 1263 3922 thoaer

168 3948 234 4006 arbeit
253 3957 288 4009 ist
307 3964 357 4026 pat
376 3956 476 4023 sciren.
512 3953 616 4008 Frank.
636 3952 697 4024 Spr.
715 3953 812 4009 Iclb.
843 3955 886 4008 4414
907 3956 996 4007 wado
1020 3952 1066 4006 dir
1086 3952 1174 4006 boi
1150 3952 1253 4007 asinar

169 4024 267 4104 atlorm
285 4040 432 4095 4414444444.
467 4037 522 4094 vid
541 4035 655 4093 Grimm.
673 4037 740 4092 Lex.
756 4037 863 4093 11355.
