2836 4784
151 370 212 432 210
662 362 745 416 Allen

152 540 275 617 partem
291 553 483 617 nomenque
499 529 540 594 ab
557 529 630 593 aliis
652 530 905 615 distingueretur
926 554 945 595 a
967 539 1076 596 monte
1098 529 1237 615 accepist

152 653 262 694 eorum
286 652 364 715 agro
395 653 459 694 non
481 630 658 716 adjacente.
704 630 936 693 Testimonium
959 628 1147 715 Etymologi
1172 650 1237 715 par*

152 728 274 816 pendo,
306 731 455 815 qnoniam
485 728 519 792 id
542 727 744 813 itaintelligi
767 738 874 814 potest
895 738 930 792 ut
956 729 1196 815 appellationes
1225 751 1237 792 e

151 831 275 894 vicinos
292 829 410 892 montis
424 829 612 894 referantur.
640 828 684 892 At
700 831 805 915 potius
823 831 971 915 suspicor
985 828 1237 915 Hypocnemidi

152 951 267 993 nomen
295 936 352 991 aut
378 926 488 991 eodem
521 937 617 1014 atque
645 928 902 1014 Epicnemidios,
937 938 994 994 aut
1021 928 1120 1015 paulo
1149 928 1237 992 latior

154 1050 250 1093 sensu
263 1028 424 1112 usurpari,
444 1047 560 1112 nempe
573 1039 608 1091 ut
627 1029 794 1113 signentur
816 1050 853 1093 eo
869 1030 999 1094 nomine
1014 1037 1126 1093 omnes
1141 1036 1237 1114 septe

151 1125 303 1192 trionales
325 1125 431 1190 Locri.

233 1226 314 1290 Utut
347 1247 400 1289 res
431 1248 501 1290 sese
536 1225 648 1308 babet,
681 1226 774 1291 nobis
811 1226 1035 1291 tantummodo
1074 1226 1115 1290 de
1154 1225 1237 1311 lingr

154 1324 382 1413 quaerentibus
405 1328 484 1388 satis
506 1326 567 1387 erit
589 1328 741 1389 statuisse
761 1326 1041 1411 Hypocnemidios
1063 1327 1237 1413 quorum(

151 1425 242 1490 titulo
264 1433 386 1510 agetur,
408 1424 507 1489 fuisse
530 1446 640 1488 eorum
655 1425 868 1489 Locrensium
889 1428 943 1512 qui
965 1425 1008 1490 ad
1028 1427 1237 1510 septentrioni«

151 1525 344 1590 incolebant.
829 1549 832 1553 ¹

233 1623 465 1710 Hesperiorum
497 1624 564 1686 sive
592 1620 767 1688 Ozolarum
797 1623 1026 1689 celeberrimae
1040 1636 1145 1691 erant
1167 1626 1237 1693 urbe

152 1726 341 1811 Naupactus
364 1733 396 1787 et
416 1722 601 1808 Amphissa,
625 1723 706 1786 haec
722 1724 785 1787 sita
801 1725 834 1786 in
855 1723 956 1809 plaga
978 1726 1137 1809 orientali,
1159 1726 1237 1792 ittai

153 1834 297 1889 extremo
320 1821 481 1886 occidenti
503 1821 548 1888 ad
571 1824 675 1886 sinum
697 1822 950 1889 Corinthiacum.
992 1823 1237 1912 Naupactum‘a*

153 1924 203 1988 Ol.
226 1928 274 2004 81,
297 1928 315 1987 2
338 1920 505 2007 usquead
528 1920 643 2003 0194,
666 1927 684 1986 3
707 1920 919 2007 possidebant
932 1921 1087 1989 Messenii
1110 1925 1151 1990 ab
1164 1925 1237 1990 Arne

151 2022 317 2087 niensibus
334 2029 517 2105 acceptam:
539 2031 606 2085 tum
623 2020 735 2085 Ozolis
751 2020 879 2085 reddita
893 2031 957 2085 est:
980 2024 1019 2088 ef.
1037 2023 1141 2090 Thus.
1154 2025 1178 2107 I,
1191 2030 1237 2104 103

150 2123 247 2187 Paus.
267 2121 324 2204 IV,
349 2127 398 2202 24,
421 2126 469 2186 26.
492 2120 534 2201 X,
557 2125 604 2189 38.
639 2120 741 2197 Nobis
764 2129 839 2185 sunt
861 2121 1023 2187 notandae
1044 2121 1206 2188 Oeanthea·
1219 2138 1237 2186 et

131 2223 320 2301 'Chaleum,
354 2242 437 2306 quae
472 2222 619 2284 civitates
652 2221 685 2283 in
716 2220 824 2284 littore
857 2221 1002 2286 Orissaei
1033 2224 1123 2288 sinus
1154 2228 1237 2287 erant:

152 2322 247 2407 hujus
270 2320 436 2405 propriam
459 2320 592 2384 formam
618 2314 765 2382 Χάλειον
797 2342 868 2384 esse
895 2321 1014 2386 multae
1036 2324 1237 2409 inscriptiones

151 2419 333 2484 testimonio
357 2429 441 2501 sunt,
462 2418 537 2483 licet
549 2419 661 2505 steph.
677 2420 757 2506 Byz.
772 2419 894 2483 scribat
916 2418 1075 2497 ldlorov,
1101 2433 1237 2486 auctorent

151 2519 351 2582 Hecataeum
385 2520 562 2604 proterens,
597 2542 693 2606 quem
726 2530 854 2583 secutus
877 2521 973 2584 etiam
1002 2521 1143 2603 Plinius,
1174 2519 1237 2583 His

150 2618 226 2684 Nat.
248 2624 276 2683 4.
299 2621 327 2699 3,
349 2617 440 2682 urbis
462 2617 597 2683 Chalaei
619 2620 812 2683 mentionem
833 2619 919 2682 facit.

671 2939 690 3017 ἕ
714 2943 740 3002 2.

566 3120 623 3184 De
646 3121 843 3207 fontibus.

235 3321 306 3400 Quo
328 3330 474 3406 tempore
495 3323 633 3385 eximius
656 3321 710 3386 ille
731 3323 782 3386 vir
804 3322 964 3386 Henricus
987 3323 1114 3388 Ludov.
1137 3323 1237 3387 Abren

156 3420 196 3485 de
219 3420 365 3485 dialectis
389 3421 527 3485 Graecis
550 3421 730 3503 scribebat,
751 3422 854 3485 fontes
877 3445 917 3485 ex
940 3422 1057 3508 quibus
1082 3431 1190 3509 posset
1208 3435 1237 3485 ct

150 3521 250 3605 gnitio
273 3521 405 3606 linguae
418 3521 631 3585 Locrensium
647 3521 790 3585 derivari
812 3523 892 3585 satis
914 3523 1025 3607 exigui
1044 3533 1145 3588 erant.
1179 3523 1237 3587 Nar

150 3642 245 3706 quum
269 3620 462 3696 Locrorum,
491 3622 595 3706 gentis
617 3619 733 3685 litteris
756 3621 887 3684 minime
908 3621 1054 3704 deditae,
1077 3624 1237 3709 scriptore

151 3722 177 3782 si
199 3743 341 3806 unquam
364 3720 510 3803 fuerunt,
540 3745 580 3786 ne
601 3722 768 3785 minimum
792 3720 921 3808 quidem
945 3721 1113 3808 popularis
1133 3722 1237 3806 lingua

151 3821 313 3905 specimen
346 3819 439 3885 nobis
468 3823 692 3907 propagarint,
723 3843 827 3908 neque
863 3820 1092 3908 glossographi
1129 3822 1180 3907 qui
1211 3829 1237 3882 tt

150 3918 251 3982 verba
273 3918 400 4004 singula
420 3920 577 4006 praebent
599 3944 619 3984 a
641 3920 748 3984 multis
767 3920 913 3984 dialectis
930 3932 1069 4007 sumpta,
1093 3921 1132 3985 de
1145 3914 1237 3984 Locri

150 4016 324 4104 quidquam
346 4021 507 4083 mentione
536 4019 668 4104 dignum
694 4019 842 4103 tradant,
874 4019 954 4085 nihil
984 4021 1119 4108 reliqum
1139 4019 1173 4083 fit
1191 4017 1237 4080 nn
