2836 4784
420 383 455 438 de
473 385 679 456 praepositione
699 383 786 459 παρά.
984 345 989 354 ⁴
1118 392 1159 453 '17
1256 445 1262 457 ,

41 548 142 614 levem
164 550 219 614 vel
245 550 403 634 pusillum
433 553 556 617 exitum
577 551 740 627 habuere;
770 551 857 639 quod
878 551 920 616 ad
943 574 1072 616 sensum
1094 574 1159 623 non

47 648 136 713 valde
164 649 275 714 differt
303 648 345 714 ab
373 672 411 714 eo
440 650 527 738 quod
552 652 661 716 statim
691 653 837 736 sequitur
872 646 906 726 ἐς
934 641 1076 726 ἀσθενὲς
1105 643 1160 734 ἔρ-

49 767 140 824 χεται.
633 819 636 824 ,

122 846 176 910 Ab
192 846 359 911 intellectu
373 869 410 912 eo
426 870 522 935 quem
537 841 628 931 παρά
650 872 723 915 cum
743 849 932 913 accusativo
952 849 1157 914 coniunctum

55 944 80 1008 in
95 945 147 1010 his
169 945 210 1010 de
232 944 352 1033 quibus
376 945 520 1012 diximus
542 946 759 1013 locutionibus
781 946 880 1011 habet
893 948 1043 1033 proxime
1065 947 1158 1012 abest

60 1065 86 1108 ee
106 1044 304 1129 significatio
325 1067 390 1131 qua
413 1046 447 1109 in
468 1044 558 1111 hisce
580 1045 620 1110 de
643 1045 760 1133 quibus
774 1047 839 1111 iam
855 1046 1083 1132 exponendum
1099 1056 1158 1129 est,

61 1153 238 1229 usurpatum
267 1143 396 1209 videtur
424 1166 504 1210 esse.
550 1143 698 1225 Quarum
725 1144 922 1210 locutionum
949 1145 1013 1211 duo
1037 1167 1161 1229 genera

64 1242 275 1329 distinguenda
297 1253 380 1308 sunt

129 1336 267 1424 [παρά
300 1365 373 1406 cum
406 1345 593 1407 accusativo
628 1344 783 1409 adiectivi
815 1337 1005 1430 quantitatis
1038 1341 1160 1407 dictum
1218 1353 1234 1429 Ἰ

22 1485 24 1490 ·
68 1443 133 1511 (raro
165 1464 239 1506 cum
273 1439 497 1524 substantivo,
531 1441 642 1508 addito
669 1443 800 1507 nomine
822 1442 963 1529 quodam
986 1440 1158 1519 numerali)

69 1538 235 1624 simpliciter
252 1563 324 1606 cum
339 1539 484 1628 quolibet
504 1540 604 1606 verbo
626 1543 840 1628 coniungitur,
863 1563 925 1627 qno
941 1563 1060 1626 genere
1073 1540 1157 1605 duae

71 1640 169 1721 species
188 1638 386 1708 locutionum
409 1641 629 1705 continentur:

131 1744 158 1815 a)
177 1737 299 1804 locutio
321 1735 414 1820 παρὰ
438 1734 542 1815 πολύ,
572 1763 748 1827 numquam
769 1748 930 1826 usurpata
950 1739 1014 1802 nisi
1036 1737 1157 1803 additis

72 1834 155 1900 verbis
176 1838 438 1924 comparativum
458 1838 656 1904 intellectum
686 1833 899 1921 habentibus,
921 1860 1005 1922 quae
1027 1860 1158 1923 respon·

74 1929 111 1997 det
134 1947 260 2002 nostrae
289 1936 420 2023 linguae
459 1937 512 2002 ba·
532 1937 662 2022 wentam,
695 1939 886 2004 Latinorum
926 1937 1037 2002 multo.
1085 1936 1161 2016 Qua

74 2026 203 2100 locutione
225 2059 329 2124 usque
351 2038 394 2102 ad
416 2059 512 2125 quem
532 2038 671 2123 gradum
692 2040 779 2103 notio
797 2036 890 2102 verbi
911 2035 1029 2100 adiecti
1051 2034 1161 2100 valeat

75 2126 216 2201 indicatur.

132 2231 162 2310 b)
192 2231 374 2299 locutiones
408 2230 501 2318 παρὰ
537 2230 669 2317 μικρόν,
704 2229 788 2318 παρ’
803 2223 807 2231 ’
824 2226 939 2317 ὀλίγον
981 2235 1161 2310 (rarissime

76 2326 139 2410 παρὰ
165 2325 283 2413 βραχύ)
313 2334 356 2399 ad
387 2333 488 2399 verba
518 2338 778 2421 comparativam
802 2333 972 2400 'notionem
1005 2332 1161 2399 habentia

77 2442 117 2491 non
133 2421 303 2518 adpositae
327 2434 392 2497 nisi
421 2433 510 2520 apud
537 2434 701 2499 inferioris
733 2436 849 2499 aetatis
879 2435 1054 2520 scriptores
1084 2456 1159 2498 cum

81 2537 176 2595 norbae
196 2531 330 2616 linguae
356 2531 486 2596 dicendi
516 2533 697 2598 rationibus
718 2531 856 2615 menube,
876 2531 928 2596 bei
945 2532 1044 2597 mitem
1064 2531 1162 2595 Huur

80 2639 238 2714 congruunt.
263 2630 318 2695 Ab
340 2633 473 2717 optimis
496 2631 711 2719 scriptoribus
735 2631 777 2696 ad
800 2629 965 2718 quaelibet
986 2631 1089 2696 verba
1103 2631 1161 2695 ad·

75 2717 224 2812 iunguntur
246 2752 286 2794 ea
308 2732 467 2794 sententia
489 2741 524 2796 ut
546 2731 746 2817 significetur
766 2729 910 2816 paullum
925 2731 1069 2795 abfuisse
1083 2732 1161 2817 quin

75 2826 135 2904 quod
154 2828 256 2893 verbo
279 2830 431 2916 apposito
453 2831 653 2896 indicaretur
671 2830 794 2894 factum
818 2838 918 2912 esset3
941 2822 1003 2894 hoc
1022 2838 1072 2894 est

130 2934 161 3005 a)
181 2936 239 2993 aut
258 2927 314 2992 or'ec
363 2931 396 3010 β)
425 2939 482 2994 aut
510 2952 550 2994 rw
579 2929 635 2993 cic
667 2927 793 3013 quadem
822 2929 843 2993 i.
878 2949 904 2991 e.
933 2926 1162 3013 propemodum

10 3042 13 3051 ·
72 3013 166 3090 fretun
188 3049 275 3110 esse,
298 3050 382 3114 quae
402 3027 580 3094 locutiones
602 3028 774 3092 transitum
795 3027 920 3092 faciunt
941 3028 984 3093 ad

127 3124 167 3192 Π.
198 3126 376 3191 secundum
398 3149 519 3213 genus,
542 3127 634 3191 cuius
657 3127 824 3212 proprium
854 3136 903 3191 est
924 3136 960 3193 ut
980 3126 1160 3196 locutiones

71 3219 138 3304 παρὰ
151 3218 281 3308 μικρόν,
304 3218 384 3306 παρ’
409 3219 525 3309 ὀλίγον
539 3235 571 3291 et
592 3225 720 3290 similes.
736 3230 924 3313 (numquam
944 3222 1037 3308 παρὰ
1059 3220 1161 3302 πολύ)

71 3332 121 3386 011111
146 3324 248 3389 verbo
278 3320 394 3388 ἐλθεῖν
422 3327 601 3404 (rarissime
631 3318 880 3407 ya'yveodcavel
903 3320 1005 3411 ἥκειν)
1029 3328 1160 3392 coniun-

70 3432 171 3508 gurm,
195 3447 214 3488 e
235 3447 301 3512 qua
323 3425 548 3490 coniunctione
1221 3426 1224 3432 ’

130 3530 160 3604 a)
182 3533 242 3590 aut
264 3526 442 3610 ¹genetivus
477 3524 675 3589 substantivi
705 3523 873 3599 cuiusdam
906 3523 1044 3611 pendet,
1075 3521 1161 3608 quod

70 3629 115 3681 ¹1011
131 3622 164 3687 fit
184 3624 249 3688 nisi
270 3623 485 3710 praecedente
505 3623 668 3689 locutione
689 3618 782 3705 παρὰ
803 3625 963 3708 τοσοῦτον
984 3613 1071 3707 ἦλθε
1144 3627 1146 3632 ’

18 3710 21 3715 ’
130 3721 167 3799 b)'
183 3731 240 3788 aut
266 3721 445 3787 infinitivus
472 3728 649 3809 suspensus
672 3732 737 3806 est,
768 3724 820 3786 cui
849 3721 938 3809 apud
964 3722 1159 3785 recentiores

72 3816 220 3903 scriptores
248 3844 490 3909 nonnumquam
518 3824 691 3907 genetivus
717 3820 856 3886 articuli·
874 3822 1080 3906 praepositus
1103 3828 1160 3884 est.

56 3956 58 3960 ·
115 3917 268 3984 'Secundi
302 3922 433 4007 generis
466 3920 644 3986 locutiones
679 3920 793 3985 eadem
824 3942 888 4006 qua
926 3919 1024 4005 primi
1063 3938 1159 4001 gene·
1194 4006 1196 4011 Ι

75 4004 106 4070 ils
134 4021 252 4103 species
291 4018 394 4085 altera
431 4022 557 4086 ratione
589 4018 803 4106 explicandae
839 4028 912 4082 sunt
945 4016 1067 4104 quippe
1093 4016 1161 4108 qui-
