2836 4784
157 374 196 435 14
660 365 721 423 aaa

154 539 224 618 362,
249 541 295 603 tc
315 534 413 601 Rhes.
436 541 505 603 366.
529 539 598 602 385.
642 534 739 615 Quod
765 535 903 621 legimus
929 535 998 600 Ion.
1031 539 1129 600 1212:
1167 534 1276 614 πῶμα

151 630 262 718 χειρὸς
278 635 337 718 σῆς
359 628 521 719 ἐδεξάμην
541 626 635 715 πάρα
654 634 741 698 idem
763 635 831 700 fere
852 634 940 700 valet
961 642 1058 720 atque
1080 627 1173 713 παρὰ
1205 633 1281 695 σοῦ.

58 778 59 781 ¹
154 731 264 797 Etiam
293 735 327 797 in
357 732 476 798 fabulis
498 734 744 819 Aristophanis,
778 731 1011 821 elegantissimi
1034 733 1193 796 sermonis
1219 730 1282 796 At—

96 868 99 872 <
153 833 211 896 tici
233 833 378 915 artificis,
401 842 434 896 et
456 833 548 919 apud
568 833 729 920 pedestris
752 834 909 899 orationis
927 833 1104 918 scriptores
1116 853 1282 896 nonnum-

153 953 251 1016 quam
273 931 549 1019 praepositionem
567 928 661 1014 παρά
678 956 751 998 cum
765 935 916 1018 genetivo
930 954 1039 996 rerum
1053 932 1282 996 inanimarum

156 1032 371 1117 compositam
392 1052 463 1094 esse
483 1032 677 1115 invenimus,
708 1033 766 1097 sed
788 1054 915 1118 semper
936 1053 974 1097 ea
995 1031 1120 1094 ratione
1142 1039 1179 1095 ut
1201 1053 1282 1117 per-

154 1151 253 1195 sonae
281 1129 370 1194 fictio
399 1131 570 1195 statuenda
599 1134 659 1214 sit,
696 1133 805 1219 itaque
836 1153 919 1216 quae
945 1129 1096 1215 exempla
1125 1139 1282 1194 veterum

152 1230 439 1314 grammaticorum
461 1241 653 1317 praecepto:
674 1224 693 1316 ἡ
711 1223 804 1311 παρά
828 1223 988 1314 ἐμψύχων
1010 1221 1095 1303 ἐστί,
1120 1227 1282 1293 videntur·

153 1350 347 1414 repugnare,
372 1350 411 1393 ea
431 1330 505 1414 ipsa
524 1329 605 1394 illud
627 1340 839 1417 praeceptum
861 1327 1083 1416 comprobant.
1157 1319 1159 1322 ’

236 1427 318 1492 Nam
352 1448 435 1512 quae
461 1427 564 1494 verba
592 1428 743 1514 leguntur
771 1433 805 1494 in
825 1427 1055 1514 Aristophanis
1077 1425 1191 1512 Equit.
1214 1431 1282 1495 802

153 1524 206 1588 ἵνα
221 1522 259 1588 σὺ
277 1520 339 1606 μὲν
360 1518 506 1613 ἁρπάζῃς
524 1522 581 1591 καὶ
602 1525 794 1614 δωροδοκῇς
815 1523 908 1609 παρὰ
929 1529 995 1589 τῶν
1010 1519 1142 1588 πόλεων
1157 1523 1282 1589 eodem

153 1625 320 1690 intellectu
342 1624 430 1690 dicta
455 1634 531 1690 sunt
552 1649 615 1714 quo
632 1623 725 1708 παρὰ
748 1629 815 1690 τῶν
835 1624 986 1688 πολιτῶν
1013 1635 1045 1689 et
1059 1624 1176 1689 inloco
1188 1622 1278 1687 Nub.

40 1782 44 1788 .
153 1729 214 1793 886
230 1716 332 1800 αὐτὸς
351 1719 538 1810 μαθήσεται
558 1718 635 1806 παρ’
660 1718 774 1788 αὐτοῖν
793 1728 866 1791 τοῖν
879 1721 994 1807 λόγοιν
1008 1746 1170 1811 personae
1184 1723 1278 1787 fictio

153 1826 212 1887 νοῦ
237 1816 337 1905 λόγον
357 1833 414 1906 est,
437 1825 525 1912 quod
546 1826 644 1890 otiam
667 1825 755 1890 cadit
775 1826 810 1889 in
829 1825 952 1891 Herod.
974 1823 1038 1888 VII
1058 1828 1114 1890 182
1135 1815 1277 1884 πυνθά-

157 1945 266 1986 νονται
286 1918 380 2004 παρὰ
402 1925 537 2005 πυρσῶν
557 1947 616 2011 per
639 1927 731 2012 ignes
761 1924 830 2004 (ubi
853 1925 923 1990 cod.
948 1922 1108 1989 Sancroft.
1133 1942 1175 1985 ex
1198 1943 1273 1984 cou-

153 2023 279 2088 iectura
299 2024 507 2106 grammatici
528 2024 698 2090 cuiusdam
719 2024 818 2089 habet
840 2019 897 2086 διὰ
922 2023 1068 2101 νινρσῶν)
1092 2030 1123 2083 et
1133 2022 1167 2083 in
1183 2019 1271 2083 Thu-

151 2121 226 2207 cytt
245 2119 386 2202 VII-148,
400 2128 427 2188 6.
449 2117 631 2194 καὶταῦτα
653 2116 732 2205 παρ’
756 2115 946 2186 αὐτῶντῶν
967 2115 1070 2203 ἔργων
1093 2114 1274 2198 ἔπιοεαμὲ-

151 2243 209 2296 νας
228 2216 290 2296 τὰς
309 2215 431 2295 Mitte
449 2258 491 2269 -
512 2213 645 2301 εἰδέναι,
669 2224 757 2311 quod
778 2235 850 2288 cuin
861 2221 1016 2287 Dobraeo
1028 2223 1063 2284 in
1085 2211 1144 2281 ἄπ’
1163 2213 1275 2282 αὐτῶν

153 2329 213 2386 etc.
233 2321 367 2384 minime
388 2323 590 2397 mutaverim.
604 2324 630 2401 ³)

235 2418 377 2505 Reliqua
388 2442 472 2505 quae
486 2420 576 2508 apud
586 2424 714 2489 Atticos
728 2422 904 2509 scriptores
916 2419 1011 2484 huius
1024 2441 1103 2484 usus
1118 2416 1269 2505 exempla

149 2527 285 2586 ¹enatant
297 2517 378 2582 haec
395 2527 478 2600 sunt,
492 2521 618 2586 ratione
631 2544 669 2585 ea
683 2544 779 2607 quarn
788 2520 885 2586 modo
899 2519 1155 2604 significavimus
1167 2517 1268 2605 expli·

152 2619 268 2684 canda.
309 2617 393 2694 Plat.
415 2616 476 2704 leg.
496 2616 530 2684 Π
551 2625 612 2687 659
634 2624 672 2682 Α
694 2615 957 2701 παρδδεάτρου
976 2611 1166 2699 μανθάνειν
1187 2621 1219 2696 (1.
1242 2641 1267 2682 a

151 2742 173 2784 a
200 2717 454 2806 spectatoribus)
487 2719 583 2783 Dein.
609 2719 703 2806 Lept.
729 2727 782 2787 15:
817 2715 917 2800 παρὰ
937 2719 1004 2780 τῶν
1025 2753 1064 2766 -
1088 2714 1269 2780 πολιτειῶν

154 2814 347 2899 διδομένων.
389 2817 490 2883 Arist.
517 2817 586 2884 Pol.
601 2824 690 2886 <1310
706 2819 727 2884 b
746 2826 763 2885 7
785 2814 844 2892 τὰς
875 2810 1038 2898 ἁμαρτίας
1064 2810 1183 2894 ἔλουσα
1211 2812 1270 2891 τὰς

149 2910 231 2999 ,παρ’
263 2909 463 3003 ἀμφοτέρων
488 2919 554 2980 τῶν
579 2914 768 2983 πολιτειῶν.
809 2917 974 2982 Personae
1001 2916 1088 2981 fictio
1122 2916 1207 2980 inest
1236 2917 1268 2979 iu

153 3016 243 3082 hisce
264 3016 358 3081 locis:
379 3015 464 3082 Xen.
486 3015 612 3104 Gyncg.
634 3016 718 3083 XIII
740 3025 769 3085 4.
814 3011 1036 3088 διδάσκεσθαι
1065 3010 1103 3076 τὸ
1134 3006 1269 3096 ἀγαθὸν

152 3111 246 3198 παρὰ
273 3110 496 3201 νῆςφύσειος.
537 3115 639 3183 Isocr.
660 3117 726 3183 XV
748 3122 809 3185 223
839 3107 861 3180 δ
887 3112 980 3198 παρὰ
1003 3109 1186 3200 τῆςδαὺνοῦ
1205 3108 1269 3200 φύ-

152 3235 236 3290 σεως
263 3207 441 3279 ἐπίσταται
468 3216 520 3293 (cf.
548 3216 631 3281 Plut
659 3215 742 3282 Mor.
765 3223 804 3284 46
826 3216 864 3281 Ε.
906 3211 944 3277 τὸ
972 3207 1146 3277 αἰδεῖσθαι
1175 3210 1268 3298 παρὰ

151 3307 370 3401 6116φῦ08106
402 3307 513 3398 ἔχων),
544 3315 632 3383 adde
662 3315 798 3404 antiph.
827 3315 885 3383 16
914 3307 1041 3377 εἰδέναι
1085 3311 1177 3395 παρὰ
1212 3315 1269 3400 τῆς

221 3597 246 3666 3)
265 3595 358 3652 Locus
369 3596 458 3655 Thuc.
469 3598 511 3656 IV
528 3603 612 3666 ilat
631 3597 680 3666 vir
697 3599 768 3653 ὁδὸν
785 3596 836 3665 τὴν
854 3595 910 3652 ἀπὸ
932 3602 989 3654 τῶν
1010 3599 1107 3654 πολῶν
1120 3600 1177 3653 τῶν
1191 3597 1268 3666 παρὰ

154 3685 204 3738 τοῦ
221 3687 315 3736 Νίσον
332 3684 379 3736 ἐπὶ
400 3684 431 3737 τὸ
450 3681 648 3738 Ποσειδώνιον
666 3697 702 3735 ne
719 3681 829 3735 minime
848 3680 958 3751 quidem
975 3681 1071 3736 dubito
1084 3681 1152 3752 quin
1165 3680 1268 3735 collato

153 3762 215 3820 loeo
235 3766 321 3821 Arist.
338 3765 405 3837 Lys.
424 3769 473 3820 835
500 3771 612 3819 auctore
629 3763 760 3819 Dobraeo
781 3765 811 3819 in
831 3766 908 3835 παρὰ
927 3767 958 3819 τὸ
978 3772 1072 3820 Νῖσον
1089 3763 1267 3836 corrigendus

153 3849 197 3918 sit,
215 3851 281 3921 quia
298 3866 355 3904 non
373 3851 461 3904 solum
478 3848 554 3919 quod
573 3847 651 3918 παρά
668 3863 729 3901 cum
747 3864 777 3902 re
794 3848 949 3902 inanimata
960 3841 1141 3918 compositum
1156 3855 1207 3918 est,
1218 3849 1267 3902 sed

153 3935 236 3987 etiam
254 3934 399 4004 genetivus
417 3949 549 3986 summam
569 3931 752 4001 suspicionem
772 3933 903 4002 movebit,
921 3950 982 3988 curn
1001 3932 1029 3984 in
1048 3933 1100 3986 hoc
1117 3933 1179 3986 loco
1190 3932 1267 3986 nulla

153 4017 265 4073 omnino
283 4016 411 4073 movendi
428 4015 504 4070 notio
522 4016 597 4069 insit.
727 4025 728 4028 ’
