2836 4784
411 351 445 407 de
464 352 582 406 dialecto
598 349 784 406 Locrensium.
1094 360 1155 423 229

77 519 174 607 linguae
198 522 360 589 vindicari
381 529 502 610 potest,
532 544 727 610 quamquam
758 519 903 606 vulgaris
930 517 1093 586 dorismus
1122 532 1154 587 et
1307 591 1310 598 ,

75 623 158 706 κτῆσις
176 633 206 688 et
226 618 327 710 ῥήτρα
348 608 480 712 profert.
522 623 590 686 Nee
619 621 724 706 magis
753 618 901 685 debebat
914 620 999 685 idem
1017 623 1069 686 vir
1091 622 1153 688 cla·
1201 651 1207 660 ·
1319 653 1322 660 ·

74 722 191 788 sissimus
207 723 372 790 Oreticum
396 734 426 790 et
441 711 684 811 Hesjehianum
702 717 840 795 αλᾶθος
861 721 1014 804 tanquam
1034 721 1153 808 hyper·

12 850 16 859 ·
73 819 187 887 doricum
208 824 398 911 repudiare,
427 823 513 910 quod
542 832 628 888 recte
656 845 676 886 a
698 818 768 881 πλα
791 823 874 885 sicut
896 817 1030 906 πλῆθος
1050 844 1069 886 a
1089 819 1155 884 πλε

71 923 244 1006 profluxerit.
281 926 353 990 Non
375 935 424 990 est
445 947 502 989 cur
524 945 587 988 non
607 919 746 997 πλᾶθας
767 930 798 986 et
818 914 970 1004 ἔγκτασις
992 944 1093 1007 aeque
1115 942 1154 985 ac

71 1015 168 1104 ledaea
189 1025 222 1088 in
245 1025 387 1110 gratiam
407 1023 551 1088 redeant.
595 1022 659 1087 Sed
689 1022 785 1109 quum
815 1029 902 1085 certe
928 1020 991 1100 Fris
1019 1043 1060 1084 cx
1091 1021 1153 1102 Ῑρα
1247 1019 1251 1027 ’
1289 1008 1295 1020 ’

54 1129 148 1186 'onum
167 1123 218 1205 sit,
241 1124 411 1210 probabile
432 1124 469 1188 fir.
492 1115 618 1208 Ὲρήτρα
640 1121 682 1187 ab
706 1122 887 1207 antiquiore
905 1112 1034 1202 Fodspo
1056 1121 1154 1206 origi·
1250 1203 1255 1212 ὁ

11 1216 13 1220 ’
68 1214 121 1284 nem
139 1222 280 1303 duxisse,
301 1246 361 1288 nee
379 1223 472 1288 aliter
493 1220 624 1307 πλῆθος
645 1245 665 1286 s
686 1218 833 1296 πλᾶθος,
858 1221 969 1306 κτῆσις
990 1243 1009 1284 a
1031 1222 1154 1300 κτᾶσις,
1210 1251 1214 1259 ·

67 1314 145 1406 Cujus
169 1331 280 1387 tamen
306 1323 506 1389 transitionis
536 1345 636 1388 causa
662 1323 723 1387 fuit
752 1322 929 1386 attenuatio
954 1319 1092 1402 radicis,
1119 1329 1155 1385 ut

66 1431 214 1509 postquam
252 1416 392 1503 κτὲομαι
431 1447 491 1509 pro
532 1415 677 1502 κτάαμαι
709 1421 760 1495 (cf.
793 1415 941 1498 κτέανον)
972 1419 1155 1501 invaluerit,

57 1518 159 1602 ¹eadem'
170 1524 300 1588 ratione
321 1524 418 1587 etiam
441 1523 552 1608 κτῆσις
573 1545 632 1607 pro
649 1522 764 1594 κτᾶσις
778 1526 969 1605 usurpatum
986 1520 1035 1601 sit,
1057 1515 1155 1607 idque

64 1629 157 1701 postea
179 1623 277 1688 latius
298 1623 522 1710 proserpserit.
555 1620 688 1685 Radicis
705 1620 802 1704 igitur
828 1640 882 1680 κτε
903 1628 934 1683 et
958 1618 1154 1683 substantivi
1209 1678 1213 1684 .
1268 1625 1272 1632 '

64 1721 153 1802 κτῆσις
171 1723 257 1788 ratio
282 1722 394 1788 eadem
423 1732 472 1786 est
500 1744 597 1808 quam
620 1742 719 1806 supra
743 1718 1035 1785 demonstravimus
1057 1720 1154 1784 inter·

63 1818 157 1886 cedere
193 1824 279 1887 inter
312 1816 421 1904 λέγετε
454 1830 485 1885 et
514 1815 634 1904 λέγητε.
689 1818 856 1883 Postremo
891 1839 987 1904 quum
1020 1840 1155 1904 prorsus

63 1919 215 2006 analogum
249 1923 291 1986 sit
317 1943 394 2004 χρα,
422 1942 492 2002 χρε,
525 1913 680 2000 (godepert
688 1964 696 1994 ‚
727 1918 794 1983 Ion.
822 1911 976 2000 χρέαμαι,
1001 1909 1154 1999 ἀποχρέω

63 2019 134 2100 apud
157 2020 421 2108 Epicharmium),
459 2018 571 2084 licebit
599 2016 762 2100 gelistaw)
800 2015 993 2101 cogitatione
1016 2017 1155 2102 fingere,

63 2117 133 2183 unde
156 2122 269 2205 χρῆμα
302 2119 514 2186 descenderit.
568 2117 717 2182 Ceterum
751 2117 785 2180 in
818 2114 889 2180 aliis
922 2113 1002 2178 haec
1034 2112 1156 2200 duplex

62 2206 160 2303 longae
190 2229 221 2286 et
247 2220 356 2286 brevis
380 2220 503 2286 vocalis
532 2216 685 2282 emollitio
708 2215 848 2281 Doricas
874 2215 995 2279 formas
1022 2236 1087 2277 non
1109 2223 1155 2278 at-

64 2311 147 2400 lingit,
166 2343 243 2384 nam
268 2321 385 2401 μνᾶμα
414 2311 523 2400 (μνεία
536 2344 543 2380 :
554 2311 703 2397 μνάομαι
716 2344 756 2370 =
764 2306 857 2395 χρεία
869 2337 876 2377 :
884 2306 1043 2395 χράομαι)
1066 2313 1156 2400 apud

64 2429 106 2477 eos
124 2442 247 2507 semper
268 2421 424 2516 intactum
445 2417 612 2495 manet.²¹)

13 2596 16 2601 .
130 2520 170 2585 Ut
192 2519 323 2586 redeam
347 2518 549 2604 adlLo'eros,
579 2537 662 2601 quae
689 2513 848 2601 ejusmodi
879 2535 975 2577 voces
997 2512 1029 2576 in
1052 2514 1155 2578 titulis

63 2601 193 2696 leguntur
217 2629 293 2684 sunt
318 2613 467 2704 χρήματα
496 2604 576 2697 (ΟΖ.Δ
591 2622 619 2698 2,
642 2615 732 2701 Hyp.
761 2620 800 2679 30
827 2622 857 2676 et
885 2611 992 2693 alibi),
1021 2608 1156 2699 πληθύς
1275 2664 1279 2672 .

58 2706 117 2781 (02.
140 2727 197 2800 18),
220 2711 338 2805 πλήθα
361 2712 468 2806 (Hyp.¹
484 2725 546 2795 40).

127 2819 249 2885 Contra
278 2820 494 2907 quominus's]
525 2812 702 2880 secundum
732 2809 898 2895 vulgarem
927 2834 1050 2876 morem
1080 2836 1152 2898 pro-

53 2905 200 2985 tractione
223 2943 263 2984 ex
286 2940 302 2982 a
322 2918 517 3006 processerit
538 2907 571 2979 in
592 2914 643 2978 his
668 2901 825 2993 Fosaqso‘g
847 2916 878 2984 (a
894 2909 992 2974 verbo
1009 2905 1156 2993 Ροικέω),
1199 2934 1205 2949 ²
1240 2917 1245 2926 ’

52 2997 258 3112 tarassiam
290 3016 377 3096 (viae
398 3017 526 3097 ineas
558 3022 610 3094 14,
630 3019 664 3093 a,
687 3019 719 3074 et
746 3011 784 3072 ef.
808 3009 884 3073 Ahr.
908 3009 988 3075 Dor.
1015 3017 1081 3092 rae,
1113 3005 1156 3093 d),
1276 3080 1280 3087 ,

44 3105 123 3200 ‘²de
145 3119 247 3205 (Hyp.
272 3125 329 3198 18),
353 3139 483 3181 causam
505 3138 569 3179 non
591 3111 694 3176 habeo
718 3109 803 3196 quod
824 3132 980 3174 recusem.

125 3223 151 3284 3.
195 3218 248 3282 De
267 3239 293 3279 ω
314 3214 401 3301 quod
423 3215 540 3301 legitur
562 3215 593 3277 in
617 3209 847 3295 conjunctivis,
873 3201 986 3284 ttoni,
1016 3201 1153 3287 clvdrgo‘-

35 3287 135 3407 {wvsa
158 3328 226 3400 etc,
244 3320 315 3405 jam
339 3315 490 3380 diximus.
526 3314 580 3378 Ex
597 3334 619 3373 o·
631 3315 830 3397 protractum
853 3318 901 3372 est
919 3304 1153 3391 intercapedante,
1180 3313 1183 3318 ’

28 3408 235 3497 0(Πῑωμότας
256 3414 351 3498 (On),
374 3415 556 3479 incertioris
578 3411 713 3496 originis
735 3407 768 3471 in
787 3407 903 3488 χωρεῖν
924 3408 1051 3496 (Hyp).

22 3554 247 3596 N&

106 3689 152 3752 20)
164 3690 264 3756 χρᾶμα
285 3683 314 3737 in
332 3682 427 3752 spuria
443 3679 578 3750 Aristippi
597 3677 722 3748 epistola,
741 3675 796 3745 XI,
815 3680 856 3744 28,
875 3676 914 3729 nil
931 3675 1013 3729 valet.

106 3773 151 3839 21)
170 3767 359 3839 Suspicionem
376 3765 523 3836 reprimere
541 3780 597 3816 non
620 3778 731 3831 possum
757 3760 785 3812 in
805 3760 916 3814 Derieis
940 3762 1086 3829 βέβλημαι,
1115 3761 1158 3812 κέ-

12 3830 152 3919 κλημαι,
169 3854 308 3920 ἐκκλησία,
327 3850 456 3924 ῥήγνυμι,
475 3847 555 3902 Aeol.
574 3847 676 3917 Ῑρῆξις
708 3849 759 3897 ete.
779 3843 894 3898 alteram
918 3841 1019 3895 radieis
1042 3840 1157 3895 formam

10 3910 74 3974 ΜΕ
102 3940 201 4004 (βέλος,
220 3937 300 3990 Hom.
318 3938 400 4003 βλεῖο,
419 3935 484 3988 Arc.
498 3931 596 3998 δέλλω)
615 3933 670 3993 xla,
687 3929 764 3994 forr
782 3927 876 3982 latere.
895 3926 983 3992 Quam
995 3924 1152 3995 explicatio-

12 3998 100 4070 ¹¹⁹¹11
120 4022 187 4077 Ahr.
206 4019 274 4075 Dor.
295 4023 341 4074 132
360 4018 445 4087 dedit,
465 4033 498 4072 ea
517 4013 583 4069 mihi
600 4031 656 4067 non
675 4010 818 4067 satisfacit.
