2836 4784
99 355 103 362 ·
156 332 196 396 46
694 324 757 380 Rau

153 494 249 560 Dem.
269 493 350 560 Mid.
373 515 444 581 oap.
465 499 513 560 21.
533 493 636 558 XXII
657 499 697 561 22
718 503 778 560 eto.
815 486 1119 576 διαλογίζεσθε
1139 495 1221 583 Lyo.
1243 517 1270 560 o.

153 594 267 659 Leoor.
290 599 329 660 32
357 592 409 674 (ef.
431 585 663 676 σονελογίσατο
685 585 762 677 παρ’
787 586 876 676 αὑτῷ
905 592 1021 680 Polyb.
1043 594 1094 658 III
1115 600 1176 673 98.)
1220 590 1270 658 ἐν·

154 695 324 774 nopotem
359 693 454 758 Dem.
479 693 558 759 Min
585 698 633 761 53.
677 695 832 757 σκοπεῖτε
856 693 901 758 id.
929 694 970 758 de
1003 695 1026 761 f.
1054 695 1116 781 leg.
1144 700 1194 762 29.
1222 700 1268 762 32.

155 792 319 872 Quoniam
338 786 431 876 παρά
453 815 526 858 oum
549 792 662 857 dativo
685 794 900 880 compositum
922 816 963 858 ex
985 794 1094 859 multis
1126 794 1270 882 passivis

154 891 331 959 verborum
353 890 393 958 de
415 893 532 981 quibus
561 891 659 958 modo
690 891 929 980 disputavimus
961 893 1082 981 pendet
1108 894 1171 960 hoo
1199 893 1269 959 loeo

157 993 326 1080 aptissime

659 1213 689 1292 s.
714 1217 763 1275 ιι.

153 1379 198 1445 de
220 1368 333 1461 παρά
361 1397 448 1440 oum
476 1373 619 1440 dativo
642 1366 827 1441 everbis
853 1376 1043 1462 passivis
1071 1396 1269 1462 suspenso

154 1595 310 1660 dicemus.
351 1591 395 1656 Et
411 1590 607 1677 ,saepissime
629 1589 760 1677 quidem
782 1613 855 1656 cum
877 1591 1017 1678 passivis
1038 1590 1149 1656 verbis
1179 1591 1261 1656 iudi-

154 1692 250 1760 oandi
262 1683 356 1774 παρά
366 1689 588 1773 coniungitur:
602 1683 620 1753 ὁ
633 1686 670 1753 δέ
682 1685 820 1776 ποιητὴς
830 1683 927 1754 οὐδέν
942 1684 1060 1777 χείρων
1071 1687 1165 1777 παρὰ
1181 1691 1269 1754 τοῖσι

152 1791 274 1880 σοφοῖς
297 1785 489 1871 νενόμισται
516 1788 573 1855 Ar.
600 1789 701 1876 Vesp.
726 1795 814 1857 1049.
848 1790 987 1878 Lysistr.
1011 1799 1057 1859 10.
1082 1782 1178 1872 νεαρ)
1200 1782 1269 1853 Αἶ-

154 1884 323 1975 γυτιτίοισι
343 1885 420 1951 Πὰν
439 1880 658 1970 ἀρχαιότατος
679 1884 763 1964 θεὸς
775 1877 861 1952 εἶναι
880 1883 1049 1970 νομίζεται
1069 1889 1148 1956 Her.
1163 1891 1198 1954 ΙΙ
1213 1897 1268 1958 145

154 1992 198 2056 in.
220 1990 305 2057 Xon.
326 1989 424 2054 Mem.
443 1988 461 2052 I
482 1994 510 2054 6.
532 1991 580 2054 13.
601 1987 700 2074 Ages.
721 1987 793 2056 Vt.
816 1988 973 2055 Dinareh.
992 1988 1010 2052 I
1031 1995 1081 2057 66.
1100 1996 1152 2058 84.
1173 1990 1266 2055 Dem.

152 2091 186 2156 Π
208 2097 236 2159 3.
259 2090 301 2156 de
323 2111 431 2155 coron.
457 2091 522 2155 181.
543 2087 721 2155 ΧΧΙΧ26.
741 2087 857 2152 XLIII
870 2095 918 2155 22.
939 2087 1055 2174 Polyb.
1076 2089 1125 2156 IV
1139 2097 1185 2156 17.
1208 2110 1266 2152 ττι-

153 2183 303 2254 στεέειαι
323 2190 419 2255 Dem.
438 2187 524 2255 XXI
539 2194 564 2254 1.
587 2187 769 2255 XXVHI5
792 2197 850 2252 eto.
870 2187 987 2274 Polyb.
1008 2188 1095 2252 1119.
1118 2183 1268 2270 κέκριται

152 2289 275 2355 Herod.
297 2285 363 2353 VH
376 2294 423 2370 16,
441 2294 467 2354 1.
488 2287 582 2351 Dem.
605 2285 707 2350 XXII
722 2291 772 2355 66.
791 2286 909 2351 XXIV
930 2291 996 2353 173.
1016 2287 1097 2374 Lyo.
1113 2310 1140 2354 o.
1153 2288 1265 2355 Leoor.

152 2394 222 2455 110.
246 2386 383 2453 Theoor.
403 2386 452 2451 VI
473 2390 521 2453 37.
542 2377 620 2470 παρ’
645 2380 780 2467 ἐχθροῖς
800 2378 1034 2468 εὐσεβέστατος
1054 2382 1186 2469 κριθείς
1205 2390 1268 2476 Ly·

153 2488 263 2574 eophr.
285 2485 379 2552 Cass.
392 2490 481 2554 1270.
502 2479 676 2563 δοξάζεται
700 2480 792 2572 παρά
814 2505 901 2549 τισιν
925 2482 1030 2563 οὕτως
1050 2482 1094 2562 ὡς
1114 2484 1221 2571 λέγων
1240 2512 1268 2552 τι

149 2581 309 2672 χρήσιμον
329 2587 467 2670 Dionys.
490 2605 569 2649 eom.
592 2583 700 2661 (Mein.
720 2585 755 2648 Π
776 2591 848 2663 548)
869 2587 972 2649 ταῦτα
995 2579 1116 2651 otialis
1138 2582 1190 2675 εἴη
1211 2585 1267 2672 μό-

152 2707 208 2749 νον
229 2677 307 2770 παρ’
329 2677 405 2765 ὑμῖν
427 2678 531 2759 οὕτως
557 2678 745 2765 ἐγνωσμένα
773 2677 846 2748 ἀλλ’
870 2695 929 2751 ete.
971 2687 1050 2773 Ly's.
1071 2688 1088 2752 Ι
1110 2695 1140 2755 2.
1173 2690 1266 2756 Dem.

151 2785 231 2863 Mid.
256 2808 329 2872 oap.
353 2783 540 2851 mxxix
560 2789 590 2849 2.
632 2783 685 2848 De
706 2806 768 2870 quo
791 2807 851 2850 usu
878 2785 1074 2872 explicando
1101 2789 1184 2854 haee
1213 2790 1267 2854 ad·

153 2885 237 2951 dam.
268 2883 341 2965 Quo
365 2883 462 2949 modo
484 2884 683 2970 praepositio
705 2877 798 2965 παρά
821 2907 893 2949 oum
913 2887 1064 2971 genetivo
1087 2909 1104 2951 e
1125 2891 1266 2974 passivis

152 2983 296 3070 pendens
332 3006 508 3072 numquam
534 2985 607 3048 vioe
635 2984 886 3071 praepositionis
912 2978 980 3048 ὑπό
1015 3008 1088 3051 oum
1117 2989 1266 3073 genetivo

43 3111 47 3119 ¹
151 3083 308 3168 fungitur,
331 3083 445 3149 eodem
467 3082 563 3147 modo
584 3104 658 3147 oum
680 3082 792 3147 dativo
815 3084 988 3150 coniuncta
1010 3094 1042 3150 et
1062 3086 1106 3151 ad
1133 3089 1267 3174 passiva

153 3180 305 3268 adposita
318 3181 454 3248 localem
474 3183 541 3245 vim
565 3190 683 3265 servat,
703 3181 862 3268 siquidem
883 3183 1148 3250 loeusindieatur
1164 3186 1222 3251 ubi
1233 3186 1267 3251 id

152 3280 241 3368 quod
250 3281 353 3348 verbo
375 3302 567 3367 expressum
590 3290 639 3347 est
654 3281 700 3348 fit
721 3282 807 3346 Nam
829 3284 857 3347 si
878 3283 1016 3368 legimus
1038 3284 1128 3370 apud
1146 3284 1265 3351 Dinar-

153 3379 249 3446 ehum
271 3381 333 3459 (III
353 3386 405 3458 22)
428 3374 646 3443 ἐπαινεῖσθαι
665 3377 758 3465 παρὰ
780 3383 885 3445 τεοῖσιν
909 3382 991 3448 haee
1011 3382 1114 3448 verba
1135 3407 1201 3450 non
1225 3386 1266 3451 si·

156 3479 331 3566 gnifioant:
360 3478 490 3544 laudari
511 3478 553 3544 ab
575 3480 733 3565 omnibus,
756 3482 813 3548 sed
832 3481 961 3549 laudari
983 3483 1073 3570 apud
1093 3506 1215 3568 omnes,
1236 3483 1265 3549 h.

154 3599 181 3643 e.
202 3601 363 3666 personae
384 3578 555 3644 laudantes
578 3590 654 3647 sunt
675 3583 769 3668 quasi
795 3581 885 3646 loeus
912 3582 969 3647 ubi
997 3583 1082 3648 aetio
1109 3581 1265 3650 laudandi

152 3675 197 3744 fit.
240 3677 343 3745 Vides
365 3680 462 3744 etiam
485 3679 649 3744 artissime
669 3680 754 3744 hano
783 3680 914 3746 dicendi
941 3683 1100 3747 rationem
1127 3705 1202 3748 oum
1227 3705 1265 3748 ea

153 3798 218 3863 qua
241 3800 315 3844 eum
335 3777 638 3845 verbis-iudicandi
652 3780 865 3847 ooniunotum
887 3791 936 3847 est
956 3775 1060 3868 παρά,
1081 3783 1264 3848 cohaerere.

150 3874 301 3963 Apparet
321 3887 446 3961 autem,
473 3879 542 3943 fere
563 3899 691 3965 semper
709 3879 845 3946 arbitrio
873 3883 1043 3969 scriptoris
1071 3885 1264 3970 permissum

152 3997 234 4059 esse,
257 3987 365 4043 utrum
385 3979 663 4065 praepositionem
684 4000 758 4044 oum
779 3983 930 4066 genetivo
951 4005 993 4047 an
1015 4005 1087 4047 cum
1099 3982 1212 4052 dativo
1224 4005 1264 4048 ex
